3382 5152
706 311 909 412 Δ...

193 515 282 586 unde
297 516 454 586 venerint.
491 515 568 584 hinc
583 518 623 587 de
645 521 695 603 iis,
719 521 774 608 qui
790 537 971 606 cauponam
985 521 1043 584 aut
1056 516 1258 583 meretricem
1273 513 1418 603 aliquam

194 625 349 706 adeuut“,
366 625 524 711 (Barth).
554 626 703 690 similiter
716 631 893 710 usurpatur
908 625 941 688 in
957 625 1023 689 vita
1036 623 1133 690 Sotae
1150 622 1267 687 Afrae:
1287 621 1418 702 „videns

193 718 349 792 honestos
371 730 456 793 viros
480 730 666 794 existimans
696 731 889 794 adventores
917 727 1097 814 impudicos
1128 727 1258 810 paravit
1285 731 1416 790 cenam“

194 833 361 917 (Ducang.
391 854 415 896 s.
439 832 498 918 v),
525 833 593 896 ital.
628 839 810 898 avventore.
855 829 1165 916 circumspectatrix
1193 828 1233 894 de
1263 849 1348 911 mag.
1379 833 1417 890 76

194 934 310 999 Plaut.
334 934 448 999 Aulul.
474 941 502 1015 1,
528 940 555 1015 1,
579 941 614 1015 2,
638 936 756 1000 similia
778 941 853 1000 sunt
876 934 964 1021 apud
987 934 1162 1019 scriptores
1185 932 1419 996 ecclesiasticos

193 1039 350 1123 plurima.

285 1141 394 1204 Fictio
423 1141 655 1205 vocabulorum
682 1141 716 1204 in
744 1146 938 1205 —mentum
968 1138 1183 1202 desinentium
1206 1136 1420 1223 scriptoribus

197 1243 291 1308 Afris
316 1242 570 1307 celebratissima
593 1249 664 1308 erat
685 1264 944 1329 magnopereque
966 1243 1062 1307 huius
1077 1241 1288 1321 formationis,
1305 1246 1419 1325 utpote

196 1369 281 1432 quac
312 1367 367 1409 ore
400 1345 596 1430 proferenda
625 1352 709 1411 esset
737 1347 898 1432 pleniore,
929 1367 1006 1410 usus
1037 1346 1081 1409 eis
1111 1345 1259 1408 arrisisse
1282 1343 1418 1422 videtur,

197 1472 271 1514 cum
294 1449 468 1533 scriptores
496 1451 622 1514 romani
650 1472 709 1536 pro
737 1451 919 1514 nominibus
949 1450 982 1513 in
1010 1448 1096 1512 hunc
1118 1448 1248 1511 modum
1271 1445 1419 1529 figuratis

195 1554 387 1638 plerumque
410 1551 613 1615 substantiva
634 1560 794 1637 ponerent
814 1554 956 1618 eiusdem
978 1552 1099 1637 stirpis,
1123 1550 1180 1615 sed
1196 1551 1291 1617 aliter
1310 1551 1418 1614 termi-

195 1663 285 1736 nata,
302 1656 403 1722 veluti
417 1655 505 1719 haud
520 1676 595 1719 raro
611 1656 669 1719 illa
683 1665 883 1742 usurpantur
897 1678 956 1742 pro
969 1655 1143 1719 abstractis
1155 1655 1189 1717 in
1201 1655 1291 1717 —tio
1304 1653 1419 1717 caden-

196 1760 285 1824 tibus
310 1757 365 1844 (cf.
390 1756 460 1823 011.
482 1759 503 1821 1.
527 1780 552 1822 6.
580 1780 612 1844 p.
644 1759 731 1844 781).
777 1762 845 1824 eius
873 1759 999 1841 generis
1028 1758 1116 1843 apud
1137 1756 1316 1842 Apuleium
1338 1757 1419 1841 pris·

196 1884 270 1928 cum
292 1862 434 1926 habetur
456 1860 786 1928 cahonestcmeatum
802 1863 929 1947 (Erdm.
952 1884 984 1948 p.
1011 1865 1064 1947 13)
1085 1858 1418 1954 (16616638166611.

197 1966 288 2052 apud
310 1963 389 2029 isid.
413 1970 443 2044 2,
467 1969 518 2028 21.
562 1965 770 2030 inhonestare
802 1971 850 2030 est
878 1965 967 2051 apud
998 1963 1058 2030 Ov.
1082 1964 1166 2028 trist.
1194 1966 1225 2043 4,
1249 1966 1300 2042 89,
1328 1961 1418 2025 inho·

194 2075 306 2133 nestas
339 2067 429 2133 Tert.
461 2067 533 2130 adv.
564 2068 637 2132 Iud.
663 2072 711 2149 14,
741 2070 1024 2133 honestamentum
1053 2066 1179 2132 Arnob.
1212 2071 1241 2146 2,
1273 2069 1315 2129 48
1337 2071 1418 2128 extr.

196 2173 520 2237 dehonestamentum
552 2169 630 2236 Sall.
661 2173 749 2258 apud
784 2172 868 2238 Gall.
903 2177 936 2254 2,
961 2177 1011 2252 27,
1044 2169 1277 2250 2,Τ66.11161.
1303 2171 1339 2248 4,
1369 2171 1418 2247 13,

195 2275 392 2355 16611628,
425 2279 460 2352 2,
484 2278 520 2353 8;
550 2274 607 2338 sed
633 2275 700 2338 iam
729 2275 900 2339 Koziolius
927 2280 1014 2339 recte
1042 2273 1144 2338 sensit
1174 2271 1219 2358 (p.
1249 2270 1325 2356 310)
1356 2270 1419 2334 hoc

194 2377 389 2443 vocabulum
409 2376 508 2440 fuisse
531 2375 674 2460 vulgare.

281 2479 396 2544 -e'um
419 2481 526 2543 variae
549 2480 690 2545 notionis
713 2487 746 2545 et
767 2479 985 2558 derivationis,
1009 2478 1048 2542 cf.
1071 2477 1233 2542 Roensch.
1256 2499 1288 2562 p.
1305 2481 1345 2540 28
1369 2496 1416 2561 sq.

194 2581 394 2648 concube'mn
416 2583 516 2668 Apul.
550 2590 625 2647 met.
656 2589 692 2664 2,
725 2589 765 2648 25
791 2589 843 2664 ,61
865 2604 929 2647 nox
951 2588 1103 2668 provecta
1126 2586 1159 2644 61
1180 2601 1243 2644 nox
1266 2580 1363 2643 altior
1387 2585 1418 2642 61

195 2688 270 2752 dein
293 2687 450 2752 concubia
470 2687 588 2752 altiora
610 2693 642 2751 61
664 2687 728 2750 iam
750 2708 815 2750 nox
836 2686 1063 2771 intempesta“.
1107 2683 1243 2770 pluralis
1266 2703 1418 2746 numerus

195 2791 292 2854 huius
315 2789 462 2855 vocabuli
484 2791 566 2854 alias
589 2811 653 2854 non
677 2797 851 2874 comparet,
875 2789 1071 2871 singularem
1086 2788 1187 2852 habet
1200 2786 1308 2851 Plaut.
1326 2784 1416 2849 Trin.

196 2897 229 2972 4,
251 2898 281 2974 2,
305 2895 363 2971 44;
387 2892 475 2958 Serv,
499 2894 551 2958 ad.
568 2894 668 2974 Verg.
684 2892 769 2957 Aen.
787 2898 816 2973 2,
841 2896 903 2956 268
920 2890 1078 2957 Varronis
1095 2889 1304 2956 canticinium
1318 2887 1417 2952 verbo

198 2997 391 3061 concubium
412 2998 565 3061 illustrat.
604 2995 916 3077 semrbcamddgm.
940 2995 1027 3059 Plat.
1053 3000 1080 3075 1,
1106 2998 1160 3073 163
1191 2997 1221 3074 2,
1243 2997 1283 3055 26
1306 2991 1417 3055 Ρ1661.

194 3100 263 3164 Mil.
287 3103 318 3181 4,
351 3105 380 3181 2,
412 3105 465 3180 68,
496 3100 595 3165 Luor.
626 3105 655 3180 3,
687 3104 758 3179 742,
789 3099 896 3166 Varro
918 3121 944 3162 r.
968 3121 993 3162 r.
1016 3105 1045 3179 2,
1071 3103 1087 3161 1
1111 3118 1142 3182 p.
1169 3100 1239 3175 160,
1264 3093 1352 3158 Tert.
1378 3092 1418 3156 de

194 3204 387 3288 praescript.
412 3203 536 3267 haeret.
560 3207 616 3279 33;
640 3203 708 3267 1161.
733 3201 883 3282 seminio,
908 3223 971 3287 quo
993 3200 1151 3266 vocabulo
1174 3197 1291 3262 medici
1312 3195 1417 3259 morbi

195 3308 353 3389 originem
369 3305 561 3388 significant.
593 3305 867 3392 interfeminium
883 3306 922 3370 de
937 3327 1020 3388 mag.
1035 3308 1077 3368 34
1093 3303 1139 3388 (N
1142 3325 1191 3366 ov.
1204 3304 1244 3365 41
1257 3299 1417 3386 pluralem

193 3431 364 3474 numerum
378 3411 571 3495 usurpavit),
595 3416 692 3495 scrpt.
709 3409 792 3474 med.
808 3430 875 3474 aev.
892 3408 981 3494 apud
995 3407 1204 3488 Ducangium
1220 3427 1243 3469 s.
1261 3425 1306 3481 v.;
1325 3423 1416 3467 voca-

193 3512 307 3576 bulum
331 3519 380 3576 est
402 3512 586 3578 obscenum.

281 3615 458 3698 Adiectiva
486 3635 718 3700 nonnunquam
743 3636 852 3680 omnes
880 3634 1031 3678 numeros
1060 3613 1338 3677 substantivorum
1367 3631 1417 3674 ex-

194 3719 301 3804 plent3
327 3719 474 3804 exempla
496 3718 660 3783 sufficiant
682 3719 776 3782 haec:
806 3718 977 3783 hibernum
1005 3716 1079 3801 (pro
1102 3716 1219 3798 hiems)
1242 3715 1321 3778 Min.
1344 3713 1415 3777 Fal.

196 3827 247 3904 34,
275 3828 324 3902 11,
349 3823 438 3887 Tert.
462 3822 533 3886 adv.
556 3823 658 3886 Marc.
685 3827 750 3902 1,1
777 3822 863 3907 apol.
886 3825 938 3900 40,
962 3819 1050 3886 (lael.
1067 3819 1182 3884 Aurel.
1200 3818 1308 3881 chron.
1334 3821 1363 3897 3,
1389 3821 1416 3895 1,

194 3932 212 3991 2
225 3949 231 4004 ;
245 3926 445 3990 matutinum
455 3926 531 3990 1161.
544 3927 659 4011 psalm.
673 3931 723 4006 29,
735 3931 764 4006 6,
777 3925 908 3990 volatile
921 3923 1088 4009 (proavis)
1102 3922 1178 3987 Ital.
1191 3921 1309 3986 Matth.
1323 3924 1352 4000 6,
1366 3923 1416 3998 26,

198 4029 279 4094 Luc.
304 4035 333 4110 9,
358 4034 414 4108 68;
436 4030 504 4092 1161.
527 4030 660 4094 invorno
683 4029 819 4093 mattino
835 4028 980 4107 volatile3
1004 4027 1141 4091 fontana
1156 4025 1288 4110 Vopisc.
1306 4021 1414 4087 Oarin.

196 4138 234 4197 16
262 4133 387 4216 frogall.
422 4133 584 4214 fontaine,
626 4132 759 4212 collina,
788 4131 933 4210 iuncina,
971 4129 1011 4194 (16
1039 4130 1155 4214 quibus
1186 4127 1226 4191 cf.
1255 4126 1415 4190 Rocnsch.

194 4259 225 4322 p.
249 4240 323 4316 472,
347 4236 504 4317 Draeger.
528 4236 549 4300 l.
568 4257 593 4298 c.
612 4257 643 4320 p.
661 4238 701 4298 36
718 4255 776 4319 sq,
801 4232 907 4299 0111.
925 4256 951 4297 c.
968 4254 999 4318 p.
1019 4237 1089 4295 783.
1118 4229 1299 4316 sectatrice
1315 4228 1415 4314 Apul.

194 4340 233 4404 de
256 4361 340 4422 mag.
365 4343 399 4419 8,
421 4338 532 4405 Valer.
556 4338 655 4402 Prob.
680 4337 768 4420 apud
792 4335 877 4401 Gall.
904 4340 957 4417 13,
986 4339 1043 4417 20,
1069 4339 1102 4414 1,
1127 4332 1242 4398 Claud.
1265 4333 1415 4396 Mamert.

195 4449 268 4508 stat.
294 4443 420 4507 animae
443 4446 472 4523 2,
497 4446 526 4505 9.
564 4442 669 4504 buxea
692 4445 767 4504 met.
792 4445 822 4520 2,
846 4445 897 4519 28,
923 4439 1033 4503 Plaut.
1049 4438 1134 4501 Men.
1152 4443 1180 4516 2,
1206 4441 1235 4517 3,
1258 4439 1310 4518 48,
1327 4435 1416 4500 Tert.

200 4547 239 4612 de
262 4547 339 4611 idol.
363 4551 393 4626 8,
417 4545 457 4608 de
478 4544 553 4630 pall.
578 4548 600 4606 4
622 4544 745 4629 (baxa).
