3382 5152
709 317 912 414 „n-

200 517 276 584 licet
298 518 439 584 Athenis
461 519 584 585 Atticis
607 519 797 586 confirmata
824 527 932 588 tamen
955 520 1008 585 hic
1029 517 1183 585 inchoata
1206 525 1418 584 1111111111

201 629 338 705 utraque
370 623 483 705 lingua
513 625 579 688 iam
609 626 723 689 vestris
756 627 888 692 auribus
918 632 993 690 ante
1023 624 1206 708 proximum
1228 625 1415 688 sexennium

200 726 303 810 probe
325 727 484 807 cognita“.
528 727 684 792 latissime
705 729 817 810 utique
846 731 1001 795 sermonis
1029 729 1123 794 latini
1143 747 1220 791 usus
1244 727 1277 789 in
1300 726 1417 791 Africa

200 835 270 892 tum
291 828 434 910 patebat,
462 850 535 892 cum
553 831 669 912 vulgus
698 830 857 895 Afrorum
888 832 1001 896 eodem
1029 837 1173 912 tempore
1195 830 1298 893 latina
1319 829 1417 892 inter-

201 931 383 1012 pretatione
417 931 583 996 literarum
621 954 786 997 sacrarum
818 941 928 1016 egeret
968 941 1001 998 et
1033 956 1105 998 cum
1139 933 1312 1015 scriptores
1328 931 1418 995 Af'

200 1031 343 1115 Apuleio
377 1039 484 1098 aetate
514 1036 565 1099 vel
597 1037 748 1117 aequales
780 1036 829 1100 vel
862 1037 961 1118 paulo
994 1035 1163 1100 inferiores
1191 1055 1292 1117 prope
1310 1055 1420 1098 omnes

203 1135 383 1199 scriberent
418 1137 529 1201 latine.
593 1139 691 1202 immo
729 1138 865 1203 fortasse
908 1139 941 1203 in
982 1139 1053 1222 ipso
1098 1136 1233 1220 oppido,
1278 1137 1312 1200 in
1356 1158 1420 1217 quo

201 1239 362 1321 Apuleius
382 1246 478 1303 natus
508 1246 572 1320 est,
600 1241 666 1304 iam
693 1247 763 1305 tum
790 1243 904 1307 literae
930 1242 1052 1306 latinae
1086 1240 1302 1315 docebantur3
1334 1244 1421 1303 certe

201 1342 380 1423 Augustini
408 1349 553 1426 tempore
585 1343 769 1408 liberalium
798 1345 917 1408 artium
948 1343 1064 1408 studiis
1094 1342 1173 1406 satis
1204 1340 1286 1405 illud
1315 1340 1423 1405 nobile

202 1449 281 1507 erat.
326 1465 466 1527 namque
494 1444 576 1509 conf.
608 1451 636 1525 2,
668 1450 697 1526 3,
722 1449 740 1509 5
764 1446 845 1511 haec
876 1446 962 1529 apud
995 1467 1069 1509 eum
1099 1445 1222 1525 scripta
1250 1443 1420 1525 leguntur:

203 1543 405 1626 „Madauris‚
434 1548 468 1610 in
496 1569 561 1629 qua
591 1549 697 1612 vicina
725 1549 806 1614 urbe
835 1550 900 1613 iarn
928 1569 1098 1631 coeperam
1128 1547 1296 1610 literarum
1323 1554 1421 1628 atque

201 1649 362 1712 oratoriae
383 1650 609 1732 percipiendae
631 1652 736 1732 gratia
758 1653 987 1735 pcregrinari“.
1033 1649 1171 1730 denique
1194 1648 1421 1730 inscriptiones

200 1749 304 1814 latina
321 1751 487 1816 confectae
501 1752 613 1834 lingua
628 1755 662 1816 in
676 1753 733 1818 illa
747 1759 841 1837 parte
853 1752 988 1818 Africae
1002 1753 1151 1817 inventae
1168 1757 1243 1816 sunt
1254 1751 1422 1834 plurimae.

200 1853 278 1934 quin
304 1852 385 1918 adeo
420 1859 491 1918 tum
520 1854 680 1920 florebant
706 1856 740 1919 in
763 1856 878 1921 Africa
906 1857 1074 1921 literarum
1103 1854 1280 1918 latinarum
1303 1852 1421 1932 studia,

198 1960 236 2018 ut
269 1975 308 2018 ex
340 1957 396 2020 illo
428 1963 574 2039 tempore
602 1957 678 2023 Afri
710 1959 744 2022 in
776 1960 848 2042 ipsa
879 1959 960 2023 urbe
986 1958 1093 2022 Roma
1125 1957 1295 2021 literarum
1329 1956 1421 2037 quasi

198 2057 416 2140 principatum
438 2059 630 2124 obtinerent.
676 2083 748 2125 cum
769 2063 868 2144 igitur
891 2066 1019 2125 constet
1040 2059 1226 2139 Madauris,
1251 2062 1364 2139 utpote
1387 2059 1420 2122 in

199 2159 326 2224 colonia
340 2182 476 2225 romana
492 2161 545 2247 (cf.
563 2163 602 2227 de
618 2186 703 2247 mag.
720 2166 776 2250 14)
790 2184 970 2228 sermonem
984 2163 1124 2226 latinum
1139 2159 1237 2225 fuisse
1252 2161 1419 2240 usitatum,

199 2282 272 2326 cum
283 2269 434 2345 parentes
446 2263 569 2347 Apulei
581 2264 702 2330 fuerint
714 2267 847 2348 originis
859 2285 1023 2344 romanae,
1039 2286 1111 2328 cum
1124 2264 1262 2345 denique
1279 2267 1421 2345 nequeat

200 2364 351 2446 dubitari,
376 2367 453 2448 quin
477 2366 690 2449 Carthagine,
714 2369 771 2433 ubi
795 2369 955 2452 Apuleius
985 2367 1178 2432 educatione
1207 2365 1420 2447 doctrinaque

198 2469 316 2550 puerili
341 2469 521 2534 liberaliter
552 2471 719 2534 institutus
750 2477 798 2535 est
828 2472 1004 2535 latinarum
1032 2471 1201 2534 literarum
1229 2467 1339 2531 studia
1364 2465 1420 2531 flo-

197 2571 332 2652 ruerint,
355 2571 407 2635 111
429 2571 505 2636 11011
527 2573 684 2656 suspicari
700 2573 825 2640 Romae
848 2575 977 2639 demum
991 2593 1170 2637 sermonem
1185 2571 1323 2634 latinum
1346 2591 1419 2634 eum

199 2672 360 2738 didicisse.
405 2695 447 2739 an
469 2675 577 2758 potuit
599 2676 653 2740 1111
676 2677 785 2759 palam
799 2677 879 2741 11111
895 2680 1020 2740 vertere
1042 2675 1190 2758 privigno
1206 2673 1293 2755 quod
1316 2673 1417 2737 latine

196 2878 231 2942 in
252 2877 369 2944 Africa
392 2880 503 2945 sedin
526 2881 627 2945 Italia
649 2881 735 2945 hanc
756 2881 903 2964 linguam
925 2877 1114 2944 didicisset?

284 2980 350 3047 Sed
372 2983 533 3047 immerito
556 2983 701 3047 homines
729 2982 817 3048 docti
846 2988 962 3065 putare
991 2981 1141 3046 videntur
1169 2977 1211 3041 ad
1239 2999 1419 3043 sermonem

197 3081 322 3166 Apulei
344 3085 554 3150 excolendum
578 3090 635 3148 aut
658 3091 744 3150 certe
767 3084 1004 3149 immutandum
1018 3081 1127 3164 magni
1142 3081 1297 3144 momenti
1319 3080 1418 3145 fuisse

197 3187 339 3268 spatium
367 3187 531 3270 temporis,
553 3208 612 3271 per
635 3187 722 3269 quod
737 3187 862 3252 Romae
884 3186 938 3251 ille
960 3187 1003 3250 sit
1025 3188 1179 3250 versatus.
1225 3203 1309 3248 anno
1334 3184 1418 3247 enim
1449 3187 1451 3192 '

198 3289 325 3354 circiter
343 3292 402 3352 125
426 3311 457 3372 p.
475 3288 552 3354 Ohr.
575 3295 671 3354 natus
695 3291 838 3373 quinque
853 3290 920 3354 fere
941 3294 973 3353 et
989 3288 1104 3372 viginti
1120 3307 1279 3350 annorum
1294 3287 1417 3350 iuvenis

197 3390 423 3456 Pudentillam
444 3392 574 3456 viduam
600 3393 633 3457 in
655 3392 898 3457 matrimonium
921 3391 1022 3455 duxit.
1060 3391 1107 3454 ia
1128 3389 1341 3453 ratiocinatus
1369 3393 1418 3452 est

199 3491 375 3557 Teuffelius
386 3495 411 3579 ¹)
433 3515 537 3576 neque
560 3500 610 3558 est
632 3515 689 3558 cur
712 3516 784 3559 curn
813 3515 849 3558 eo
878 3494 1113 3558 dissentiamus
1159 3496 1286 3556 constat
1308 3496 1417 3555 autem

196 3594 375 3678 Apuleium
395 3597 587 3678 priusquam
609 3597 830 3661 Pudentillam
859 3617 992 3660 uxorem
1021 3596 1153 3660 duceret
1182 3594 1232 3658 vel
1257 3591 1345 3658 Oeae
1367 3592 1418 3655 vel

195 3697 268 3761 aliis
290 3697 369 3762 locis
390 3697 527 3762 Africae
553 3699 679 3782 degisse
702 3706 768 3764 tres
791 3720 892 3763 annos
916 3698 1127 3783 continuos.²)
1160 3700 1329 3780 praeterea
1350 3717 1418 3759 mu-

197 3821 273 3866 nere
296 3822 329 3865 se
352 3799 498 3866 functum
527 3822 595 3865 esse
619 3801 698 3865 dicit
726 3803 759 3866 in
781 3802 889 3885 patria
918 3801 998 3865 urbe
1022 3800 1062 3865 de
1093 3821 1177 3883 mag.
1202 3798 1284 3883 24⁸)
1330 3796 1417 3879 quod

286 4003 307 4072 ¹)
326 4003 418 4074 gesch.
438 4004 488 4057 der
505 4019 592 4056 roem.
611 4002 739 4056 1111111.8
757 4023 783 4072 p.
802 4006 862 4058 854,

286 4085 308 4158 ⁹)
327 4089 363 4142 de
380 4107 452 4158 mag.
471 4090 513 4154 55,
532 4089 599 4156 „sed
617 4089 719 4144 abhinc
743 4091 831 4143 ferme
850 4090 1007 4143 triennium
1026 4092 1069 4141 est
1088 4086 1163 4155 quod
1186 4084 1288 4155 primis
1308 4085 1415 4150 diebus,

196 4171 298 4243 quibus
317 4175 404 4229 Oeam
422 4191 554 4229 veneram
572 4178 630 4243 sq.“
933 4242 937 4253 Ι

283 4258 305 4329 ³)
329 4261 375 4328 „in
398 4279 453 4329 qua
477 4261 547 4314 urbe
564 4264 676 4329 patrem
700 4259 786 4312 habui
808 4261 871 4314 loco
895 4258 1052 4328 principem
1074 4257 1279 4311 duumviralem
1304 4257 1414 4311 eunctis

194 4347 347 4402 honeribus
365 4347 560 4416 perfunctum,
585 4346 661 4399 cuius
685 4361 737 4414 ego
761 4345 855 4398 locum
881 4346 912 4398 in
930 4345 979 4397 illa
996 4342 1140 4411 republica
1159 4344 1259 4397 exinde
1277 4348 1310 4397 ut
1328 4343 1416 4412 parti.

197 4435 292 4503 cipere
309 4434 415 4487 curiam
435 4435 515 4501 coepi
530 4448 707 4499 nequaquam
722 4430 845 4500 degener
863 4431 925 4499 pari
944 4446 1026 4496 spero
1039 4430 1145 4482 honore
1164 4433 1193 4482 et
1205 4430 1416 4483 existimatione

198 4523 305 4576 tueor.“
