3382 5152
839 341 879 401 22

251 542 410 606 severiore
440 541 590 606 dictionis
617 562 734 624 genere
763 542 796 605 in
825 542 976 625 apologia
998 562 1075 606 usus
1098 545 1148 605 est
1169 546 1356 623 propterea,
1384 538 1472 621 quod

251 645 338 728 apud
366 627 590 728 proconsulem
618 665 788 708 romanum
814 666 873 708 sua
901 666 999 709 causa
1026 646 1055 708 61
1078 644 1205 726 agenda
1227 649 1312 722 erat,
1341 642 1472 706 minime

250 769 327 812 vero
356 748 501 812 homines
532 748 627 812 otiosi
657 746 782 812 facetiis
812 748 1000 812 scurrilibus
1029 747 1236 831 dicteriisque
1267 746 1471 825 tabernariis,

251 873 335 934 quae
358 852 485 934 saepius
508 850 609 914 habes
632 851 664 913 16
688 849 799 914 fabula
821 852 860 915 de
884 852 973 916 asino
997 872 1104 930 aureo,
1129 849 1322 914 oblectandi.

336 953 420 1020 (hun
446 954 635 1018 floridorum
661 954 816 1036 reliquiae
841 959 873 1018 et
895 955 999 1018 oratio
1023 954 1062 1018 de
1086 955 1142 1018 des
1166 954 1309 1020 Socratis
1331 952 1473 1017 medium

251 1057 413 1141 quendam
453 1056 622 1122 obtineant
654 1058 759 1122 locum
793 1059 879 1121 inter
912 1057 1096 1140 apologiam
1130 1062 1162 1120 66
1195 1056 1473 1138 metamorphoses

252 1181 388 1243 cumque
415 1159 455 1224 de
484 1160 534 1223 his
563 1159 642 1242 quid
665 1160 856 1224 sentiremus
879 1161 944 1224 iam
965 1183 996 1243 p.
1022 1161 1303 1239 14161666611666,
1331 1166 1474 1241 praeter·

251 1265 356 1328 missis
372 1264 417 1326 616
434 1262 476 1326 66
491 1262 636 1327 fabulam
651 1263 691 1326 66
707 1264 796 1328 66166
813 1285 911 1328 66666
923 1269 1136 1327 transeamus.
1171 1263 1474 1344 metamorphoseon

251 1367 351 1449 igitur
365 1366 475 1444 libros,
492 1365 548 1447 qui
563 1365 760 1446 singularem
776 1367 937 1448 quendam
952 1368 1037 1431 inter
1052 1367 1173 1448 scripta
1189 1365 1312 1448 Apulei
1328 1365 1476 1429 obtinent

249 1471 358 1534 locum
379 1469 580 1552 populariter
602 1470 796 1551 compositos
821 1470 923 1556 esse1)
946 1469 1002 1534 sed
1024 1469 1079 1549 ita,
1103 1473 1140 1531 ut
1155 1469 1298 1550 vulgaris
1320 1468 1475 1532 orationis

252 1572 393 1654 speciem
425 1570 540 1635 ludens
571 1571 742 1636 adhiberet
773 1574 926 1655 scriptor,
960 1594 1024 1636 non
1057 1578 1107 1636 est
1137 1570 1267 1635 difficile
1298 1571 1474 1636 intellectu.

251 1675 453 1757 eloquentiae
483 1674 632 1739 bracteas
662 1697 873 1758 spumamque
897 1677 1067 1741 verborum
1098 1675 1228 1739 modum
1258 1675 1406 1754 transire,
1438 1681 1475 1739 ut

251 1779 300 1842 vel
331 1777 475 1842 taedium
506 1782 652 1840 nostrum
680 1785 845 1858 moveant,
876 1781 987 1862 negari
1009 1802 1073 1843 666
1102 1784 1220 1868 potest.
1265 1779 1322 1842 sed
1351 1777 1390 1841 de
1415 1777 1477 1842 hac

250 1903 285 1945 re
309 1902 439 1945 securus
456 1901 525 1944 esse
540 1887 672 1963 poterat
686 1881 856 1965 Apuleius,
881 1904 953 1946 cum
968 1883 1113 1947 artificiis
1130 1882 1277 1945 omnibus
1293 1882 1477 1964 acceptissi-

249 1987 321 2064 mis,
345 1984 470 2048 simodo
493 1985 670 2048 sententias
693 2007 757 2048 non
781 1986 979 2066 obscuraret,
1006 1986 1196 2069 popularem
1220 1984 1476 2048 benevolentiam

251 2109 284 2151 66
308 2087 518 2150 collecturum
541 2087 647 2152 sciret.
691 2088 770 2150 talia
794 2090 879 2151 enim
902 2089 1029 2174 1116161)
1053 2088 1143 2152 haud
1166 2088 1262 2152 dubie
1285 2108 1349 2151 non
1373 2087 1476 2151 minus

250 2195 344 2272 grata
382 2196 475 2253 erant
509 2209 607 2273 quam
639 2191 744 2254 Italis.
797 2192 975 2256 antitheses
1008 2193 1109 2275 igitur
1143 2192 1324 2273 eleganter,
1363 2211 1477 2253 vocum

250 2298 440 2356 concentum
477 2292 746 2357 homoeoteleutis
782 2296 970 2358 assonantia
1004 2294 1116 2378 figuris
1150 2294 1370 2377 etymologicis
1405 2292 1477 2356 aliis

250 2394 374 2458 artibus
407 2393 570 2475 effectum,
606 2416 688 2479 quae
722 2396 903 2478 elegantiae
935 2398 1110 2482 iudiciique
1145 2397 1278 2479 expoliti
1310 2397 1476 2478 specimen

249 2496 455 2562 habebantur
484 2496 695 2582 omnibusque
724 2500 911 2581 placebant,
943 2502 1083 2583 scriptor
1114 2500 1275 2564 cumulate
1306 2499 1475 2581 impendit.

249 2601 335 2663 hunc
357 2620 432 2664 vero
454 2601 607 2684 leporem,
631 2602 682 2665 vel
704 2602 730 2665 si
753 2604 854 2667 mavis
877 2603 995 2684 fucum,
1018 2605 1051 2667 in
1073 2604 1165 2667 libris
1180 2603 1304 2686 Apulei
1326 2624 1476 2667 6666666

249 2704 394 2767 nativum
427 2703 483 2768 666
514 2704 555 2768 66
585 2705 787 2770 166616661666
821 2708 965 2770 oratoria
996 2706 1178 2790 proiectum
1209 2705 1475 2770 Kretschmauno

251 2809 295 2890 (p.
323 2807 377 2892 16)
399 2808 468 2872 1666
492 2809 704 2887 66666666616;
728 2809 834 2872 minus
855 2809 973 2892 placet,
998 2810 1085 2895 quod
1100 2809 1187 2874 idem
1202 2809 1340 2873 alterum
1355 2809 1477 2874 fontem

251 3028 398 3082 demutare
421 3029 641 3100 (significatione
660 3032 764 3098 neutr.)
779 3033 819 3095 16,
840 3031 998 3099 dilapidare
1008 3033 1049 3096 75,
1070 3029 1203 3098 dispudet
1213 3031 1254 3095 63,
1273 3029 1475 3095 exdorsare42,

253 3116 417 3184 expergitus
439 3119 473 3169 43
498 3117 561 3169 alia.
597 3116 626 3168 in
650 3116 748 3169 eodem
774 3118 847 3171 libro
866 3121 956 3170 multa
973 3119 1040 3170 lusit
1058 3117 1209 3170 artificiose
1228 3116 1317 3169 veluti
1335 3133 1357 3168 c.
1376 3117 1408 3168 51
1430 3117 1476 3184 „in

248 3220 337 3270 puero
355 3207 384 3254 66
396 3204 514 3256 muliero
528 3203 639 3256 caducis
651 3220 737 3255 vanas
752 3206 780 3255 et
793 3222 908 3271 prorsus
923 3205 1041 3257 caducas
1055 3203 1236 3256 calumnius“.
1268 3219 1290 3254 6.
1304 3204 1337 3254 62
1352 3204 1475 3272 „lignum

250 3307 266 3341 6
293 3307 337 3340 me
364 3293 426 3342 toto
455 3290 558 3358 oppido
586 3293 615 3341 et
639 3288 754 3356 quidem
778 3290 882 3358 oppido
908 3292 1078 3358 quaesitum“
1105 3307 1128 3342 c.
1153 3292 1186 3341 63
1214 3307 1266 3356 „en
1289 3290 1367 3343 vobis
1393 3307 1476 3357 quem

252 3375 387 3429 scelectus
415 3376 464 3429 ille
490 3375 625 3428 sceletum
650 3375 846 3440 nominabat“,
870 3394 891 3429 c.
913 3379 962 3430 102
988 3395 1019 3444 „o
1039 3394 1123 3446 grave
1145 3375 1312 3429 veneficium
1332 3376 1423 3428 dicam
1441 3394 1475 3428 66

253 3462 398 3530 ingratum
415 3461 608 3515 beneficium.“

340 3548 362 3616 1)
380 3549 494 3602 6666166
514 3565 597 3614 quam
616 3547 664 3599 alii
686 3547 714 3599 16
732 3547 804 3601 6666
823 3547 993 3600 seutentiam
1012 3547 1175 3616 nuperrime
1188 3547 1319 3615 exposuit
1331 3547 1475 3601 Henrieus

249 3633 359 3686 Becker
377 3635 518 3703 inpriore
537 3638 619 3702 parte
637 3633 729 3686 libelli
751 3634 796 3686 cui
815 3633 1474 3715 inscripsit·,studiaApuleiana‘(Berol.1879).

250 3720 299 3772 sed
317 3721 393 3774 idem
411 3721 459 3773 ille
479 3737 542 3772 curn
561 3720 596 3772 de
614 3720 817 3788 particularum
838 3722 974 3773 orationis
993 3737 1044 3773 usu
1058 3719 1221 3787 Apuleiauo
1235 3725 1475 3774 commentaretur

249 3806 369 3858 aliorum
392 3806 523 3859 Afrorum
549 3807 760 3860 consuetudinis
786 3808 926 3860 rationem
948 3807 1049 3859 habuit
1072 3823 1161 3874 prope
1179 3806 1293 3858 nullam.
1330 3809 1474 3861 rarissimo

249 3893 410 3945 Arnobium
423 3897 569 3957 memorat,
588 3893 762 3960 reliquorum
777 3894 959 3962 scriptorum,
979 3911 1047 3962 quos
1060 3895 1091 3945 in
1103 3893 1205 3945 Africa
1217 3893 1305 3946 libros
1320 3895 1474 3948 confecisse

250 3978 360 4043 scimus,
379 3996 515 4046 nusquam
533 3979 566 4031 fit
584 3979 700 4033 mentio.

342 4065 363 4134 ²)
383 4069 556 4133 quantopere
574 4066 639 4119 Afri
664 4065 734 4118 talia
758 4065 952 4118 adamaverint
974 4065 1018 4118 vel
1042 4083 1076 4119 ex
1099 4065 1190 4118 titulis
1210 4065 1307 4118 latinis
1326 4065 1355 4117 16
1373 4065 1474 4118 Africa

250 4151 371 4219 repertis
390 4151 523 4220 cognosci
543 4156 652 4218 potest,
672 4169 842 4221 quamquam
861 4151 1062 4219 inscriptiones
1081 4152 1232 4205 admodum
1250 4153 1329 4206 tenui
1348 4169 1380 4204 66
1399 4152 1474 4204 61666

253 4237 381 4290 oratione
402 4237 533 4305 componi
553 4238 689 4294 66166666.
717 4256 839 4308 pompae
858 4237 1103 4307 speciositatisque
1122 4240 1212 4292 multa
1230 4238 1357 4304 exempla
1375 4238 1473 4292 inillis

251 4339 310 4374 esse
329 4322 497 4376 Hoffmanus
523 4324 607 4376 docet
623 4342 649 4391 p.
670 4324 846 4378 1451ndieis
869 4326 1048 4394 grammatici
1071 4326 1107 4378 ad
1126 4325 1242 4378 Africae
1264 4324 1473 4391 provinciarum

249 4408 444 4477 Tripolitanae
470 4409 634 4478 Byzaceuae
661 4408 875 4462 Proconsularis
904 4412 1003 4464 titulos
1031 4412 1134 4464 1661666
1163 4412 1355 4480 (Argentorat.
1385 4410 1473 4479 1878).

250 4495 372 4563 exempli
396 4496 489 4564 gratia
512 4497 578 4549 inde
596 4495 703 4549 refero:
728 4495 895 4561 „civitatum
913 4501 1020 4549 statum
1038 4498 1130 4566 adque
1149 4500 1281 4550 ornatum
1300 4495 1473 4550 liberalitate

253 4582 421 4635 clementiae
440 4598 505 4634 suae
523 4582 662 4650 augenti.“
737 4585 739 4592 '
