3382 5152
859 339 900 400 24
982 377 985 384 ·

267 541 491 606 ostentatione.
536 542 647 623 itaque
670 542 717 607 sic
736 542 845 625 potius
867 541 1043 606 sentiamus
1066 541 1243 623 Apuleium
1258 542 1416 606 vocabula
1430 543 1489 607 illa

266 644 452 727 improbata
474 644 516 708 ad
537 644 682 709 fabulam
698 645 904 710 scribendam
920 665 984 708 non
1001 644 1229 726 conquisivisse
1245 665 1361 727 magno
1377 645 1489 710 labore

270 768 310 810 ex
332 746 424 812 libris
447 747 608 814 oblivione
632 748 770 827 obrutis,
802 747 858 811 sed
885 768 958 812 eum
987 748 1128 831 plurima
1154 752 1281 810 tantum
1310 769 1375 812 non
1396 770 1490 832 repu-

268 849 415 930 diavisse,
440 871 513 914 cum
534 851 614 916 trita
636 857 744 916 essent
765 851 799 914 in
814 849 1046 915 consuetudine
1061 849 1233 914 cotidiana.
1278 852 1402 934 optimo
1419 853 1489 915 iur'e

271 951 358 1017 idem
385 951 451 1018 fere
473 954 629 1018 iudicavit
652 953 841 1018 Pauokerus
851 954 877 1039 1)
901 952 941 1016 de
963 952 1140 1038 vocabulis,
1172 973 1256 1034 quae
1279 953 1367 1037 apud
1389 954 1489 1036 scrip·

270 1063 357 1120 tores
394 1057 551 1121 historiae
579 1056 764 1139 Augustae,
801 1055 1018 1137 «subagrestis
1049 1055 1106 1119 illa
1137 1056 1267 1138 ingenia
1297 1057 1393 1120 nullis
1422 1056 1489 1122 fere

268 1161 440 1224 vetustatis
461 1159 655 1224 lectionibus
677 1159 831 1242 expolita»
853 1180 912 1242 pro
935 1157 1089 1222 obsoletis
1104 1158 1217 1223 haberi
1232 1161 1371 1241 possint:
1391 1159 1490 1240 „haec

269 1265 378 1326 tamen
413 1263 447 1326 in
481 1283 536 1327 ore
572 1262 661 1346 vulgi
692 1267 770 1327 tuno
807 1260 982 1326 obliterata
1014 1261 1113 1326 firisse
1144 1263 1252 1326 omnia
1281 1267 1314 1326 et
1342 1261 1384 1326 ab
1417 1262 1491 1328 istis

270 1366 464 1429 resuscitata
500 1365 609 1429 nullus
645 1364 795 1447 equidem
831 1369 971 1428 assero“.
1024 1364 1067 1429 ad
1097 1365 1186 1447 vulgi
1223 1386 1401 1430 sermenem
1437 1366 1491 1430 de·

270 1466 424 1531 scendere
459 1468 636 1551 Apuleium
674 1490 713 1532 ex
746 1469 848 1551 ipsius
882 1466 988 1531 verbis
1025 1475 1176 1550 apparet,
1214 1489 1297 1551 quae
1330 1469 1364 1532 in
1397 1469 1491 1533 initio

271 1570 574 1653 metamorphoseon
607 1571 713 1656 posita
744 1573 809 1636 iam
842 1591 941 1655 supra
968 1572 1153 1636 memoravi.
1199 1573 1276 1658 quin
1307 1571 1407 1636 verba
1435 1572 1493 1636 illa

271 1673 314 1737 ad
350 1673 586 1738 aestimandam
629 1675 823 1752 dictionem,
863 1694 947 1758 quae
983 1675 1018 1738 iu
1060 1676 1362 1761 metamorphoseon
1398 1674 1491 1739 libris

271 1780 461 1859 usurpatur,
493 1778 675 1860 gravissimi
704 1779 769 1842 sint
796 1777 965 1856 momenti,
988 1776 1133 1841 dubitari
1161 1798 1225 1852 nen
1261 1783 1378 1860 potest.
1415 1799 1492 1842 nam

272 1879 338 1944 eive
374 1879 417 1944 ad
447 1881 625 1963 Apuleium
658 1881 841 1946 referuntur
874 1881 971 1944 etiam
1004 1880 1146 1963 reliqua,
1182 1901 1264 1966 quae
1298 1881 1421 1946 Lucius
1452 1881 1492 1946 dc

273 1983 396 2066 origine
426 2005 485 2047 sua
508 1983 601 2065 dicit,
630 1985 696 2049 sive
723 2005 862 2067 persona
884 1985 952 2047 eius
980 1982 1057 2048 ficta
1086 1988 1222 2068 putatur
1247 1984 1298 2048 vel
1319 1985 1428 2070 potius
1452 2006 1491 2050 ex

273 2107 390 2169 graeca
412 2086 532 2167 fabula,
557 2108 656 2172 quam
678 2086 839 2172 Apuleius
863 2087 1019 2171 sequitur,
1044 2086 1228 2172 desumpta:
1258 2108 1342 2172 quae
1365 2088 1405 2152 de
1427 2109 1492 2153 ser-

272 2210 367 2253 mone
402 2211 460 2254 suo
493 2190 548 2254 ille
580 2190 716 2272 addidit,
751 2211 829 2275 prae
863 2191 977 2255 ceteris
1006 2189 1105 2254 verba
1129 2211 1188 2269 „en
1211 2211 1285 2255 ecoe
1307 2190 1494 2277 praefamur

272 2293 398 2357 veniam
426 2299 494 2378 sq.“
524 2293 612 2357 haud
640 2294 737 2358 dubie
766 2296 915 2380 spectant
941 2292 983 2356 ad
1012 2313 1085 2356 eum
1113 2292 1242 2358 dicendi
1264 2315 1402 2373 morem,
1428 2315 1492 2380 quo

273 2395 577 2481 metamorphoseon
598 2396 674 2460 libri
697 2397 738 2461 ab
755 2396 898 2482 Apuleio
913 2402 989 2459 suut
1011 2397 1195 2481 conscripti.
1241 2397 1380 2461 Lucium
1394 2397 1495 2479 igitur

274 2499 366 2562 illurn
386 2497 583 2564 Graeculum
602 2500 709 2580 „nullo
731 2501 888 2583 magistro
910 2503 1107 2584 praeeunte“
1125 2498 1215 2583 (met.
1235 2503 1261 2579 1,
1288 2499 1320 2579 1)
1343 2499 1494 2564 didicisse

275 2623 308 2666 se
335 2603 480 2684 linguam
507 2603 644 2666 latinam
671 2602 832 2667 dicentem
865 2602 954 2666 facit.
1005 2601 1190 2684 vulgaribus
1216 2602 1322 2667 verbis
1361 2624 1493 2667 consue-

276 2705 397 2769 tudinis
426 2704 608 2769 cotidianae
639 2727 712 2770 eum
738 2707 787 2770 uti
815 2706 930 2770 leviter
957 2704 1126 2786 significat.
1178 2709 1211 2770 et
1239 2727 1311 2769 cum
1334 2705 1495 2770 divinaret

275 2807 436 2892 Apuleius
458 2803 558 2872 libros
580 2809 653 2873 illos
675 2814 768 2872 extra
790 2815 946 2891 angustos
969 2809 1096 2893 patriae
1118 2807 1197 2872 fines
1220 2808 1421 2891 divulgatum
1442 2811 1494 2891 iri,

276 2911 402 2974 veniam
425 2916 578 2996 precatur
601 2911 726 2997 „siquid
749 2912 866 2976 exotici
886 2933 924 2974 ac
938 2911 1076 2975 forensis
1092 2911 1247 2976 sermonis
1263 2913 1353 2977 rudis
1368 2913 1495 2977 locutor

276 3012 477 3077 offenderit“.
516 3013 674 3078 Afrorum
690 3014 852 3079 scribendi
868 3013 1145 3094 consuetudinem,
1159 3015 1214 3100 qui
1228 3014 1332 3080 multa
1347 3014 1495 3100 exempla

277 3117 433 3180 sermonis
462 3117 600 3181 trivialis
631 3117 784 3181 exhibent
811 3117 958 3202 quamvis
985 3113 1138 3180 affectent
1167 3118 1306 3203 speciem
1339 3118 1494 3182 orationis

277 3218 485 3283 artificiosam
507 3219 557 3282 his
580 3221 673 3305 quasi
695 3219 882 3285 velamentis
910 3219 1062 3301 obtegere
1086 3220 1225 3284 voluisse
1253 3220 1495 3306 prudenterque

277 3345 346 3388 rem
368 3323 415 3386 ita
437 3323 616 3386 instituisse
638 3323 779 3404 videtur,
810 3328 846 3386 ut
871 3325 905 3387 in
931 3325 1001 3408 ipsc
1029 3323 1121 3386 initio
1148 3322 1278 3388 fabulae
1300 3345 1373 3388 cum
1395 3323 1495 3387 alium

279 3427 319 3490 de
346 3447 380 3490 se
409 3425 507 3490 verba
529 3425 701 3491 facientem
727 3426 909 3506 induceret,
940 3425 980 3489 de
1008 3448 1065 3491 suo
1092 3427 1194 3511 ipsius
1223 3447 1368 3490 sermone
1390 3426 1495 3490 verbis

278 3530 364 3593 illius
387 3529 514 3593 veniam
535 3535 675 3611 rogaret.
720 3551 859 3615 namque
887 3531 1038 3594 universa
1060 3529 1190 3614 quidem
1212 3529 1369 3594 orationis
1392 3529 1497 3593 forma

277 3633 311 3696 in
333 3631 424 3696 libris
446 3631 511 3696 illis
534 3638 638 3696 artem
659 3653 739 3717 prae
762 3653 796 3697 se
817 3632 882 3698 fert
904 3641 1002 3719 atque
1018 3634 1241 3713 eruditionem,
1263 3632 1496 3696 vocabulorum

278 3757 353 3799 vero
380 3755 457 3799 usus
487 3735 674 3821 saepissime
701 3737 851 3801 convenit
876 3743 909 3801 et
936 3737 1135 3816 hominibus,
1171 3756 1252 3821 quos
1285 3737 1424 3822 scriptor
1449 3735 1496 3800 lo-

279 3844 413 3923 quentes
437 3837 530 3920 facit,
568 3844 600 3903 et
632 3839 743 3920 rebus,
777 3860 857 3924 quas
891 3846 1019 3920 narrat,
1051 3861 1124 3903 eum
1150 3840 1279 3903 infimas
1310 3839 1398 3904 haud
1421 3860 1497 3904 raro

277 3941 446 4006 redoleant
479 3942 599 4006 sordes
655 3963 694 4006 ac
726 3964 766 4006 ne
797 3944 1006 4009 obliviscatur
1038 3943 1141 4008 lector
1174 3943 1304 4027 qualem
1337 3943 1495 4007 orationis

278 4044 510 4129 supellectilem
534 4045 694 4130 Apuleius
722 4047 782 4111 sibi
814 4047 948 4129 elegerit
976 4045 1197 4131 usurpandam
1227 4045 1350 4110 Lucius
1371 4046 1497 4110 itineris

279 4149 429 4212 comitem
452 4149 498 4213 sic
525 4149 703 4234 alloquitur
730 4149 819 4236 (met.
853 4155 880 4230 1,
911 4150 960 4234 8):
994 4171 1070 4229 „oro
1093 4154 1142 4228 te,
1170 4149 1318 4234 inquam,
1348 4149 1498 4214 aulaeum

278 4251 438 4333 tragicum
461 4253 621 4317 dimoveto
643 4259 675 4318 et
698 4254 855 4339 siparium
879 4254 1021 4317 scenium
1043 4252 1235 4338 complicato
1252 4256 1284 4316 et
1300 4252 1378 4316 cedo
1393 4251 1499 4316 verbis

367 4491 388 4560 1)
407 4492 443 4544 de
470 4492 613 4545 latinitate
643 4493 816 4562 scriptorum
845 4492 982 4546 historiae
1011 4491 1159 4560 Augustae
1188 4489 1379 4542 meletemata.
1424 4489 1497 4543 Dor-

278 4579 338 4652 pati
357 4579 424 4631 1870
441 4595 468 4650 p.
489 4579 545 4633 117.
