3382 5152
811 316 850 388 19

213 524 444 593 vocabulorum
455 523 630 612 respiciens
642 528 767 594 exstitit
778 531 833 594 ille
848 531 986 614 scriptor
997 551 1130 614 prorsus
1142 525 1233 596 Aser.
1270 525 1339 615 ipse
1352 526 1437 598 enim

214 633 301 716 apud
323 631 425 697 Afros
449 633 511 696 hac
533 653 602 696 sese
626 631 719 698 effert
745 635 988 718 praedicatione
1016 634 1100 720 (flor.
1127 637 1196 719 19):
1238 638 1329 718 „quis
1352 639 1437 702 enim

213 743 356 800 vestrum
378 736 457 799 mihi
473 758 569 800 unum
588 738 810 802 soloecismum
826 737 1010 820 ignoverit?
1034 739 1106 821 quis
1128 739 1180 803 vel
1194 761 1293 804 unam
1307 742 1436 805 literam

214 840 355 906 barbare
377 840 624 922 pronunciatum
647 840 840 906 donaverit?
863 843 935 923 quis
958 840 1125 905 incondita
1140 842 1240 906 verba
1263 850 1295 907 et
1317 844 1436 908 vitiosa

214 950 335 1007 temere
359 943 452 1024 quasi
483 940 697 1006 delirantibus
727 943 908 1008 oborientia
936 945 1119 1027 permiserit
1142 943 1347 1010 blaterare?“
1380 946 1436 1010 sed

217 1067 291 1108 cum
306 1045 356 1108 his
380 1044 485 1110 verbis
507 1045 609 1108 multa
631 1066 814 1128 repugnare
830 1046 1002 1110 videantur
1016 1047 1050 1109 in
1073 1048 1201 1130 scriptis
1217 1047 1348 1130 Apulei,
1371 1071 1437 1112 non

216 1147 352 1212 deerant
374 1148 428 1228 qui
444 1152 600 1229 putarent
614 1148 640 1233 1)
663 1149 779 1212 miram
794 1148 1059 1213 consuetudinem
1075 1151 1256 1214 orationem
1272 1151 1438 1214 vocabulis

215 1251 404 1332 ceteroquin
442 1249 623 1314 obliteratis
661 1248 835 1314 artificiose
871 1251 1048 1316 exornandi
1084 1257 1117 1314 61
1148 1253 1240 1333 quasi
1272 1253 1438 1316 colorandi

216 1352 309 1416 Afris
334 1373 534 1416 communem
562 1352 659 1416 fuisse
682 1339 831 1417 omuibus
858 1375 1031 1436 omnesque
1055 1353 1212 1436 eosadeo
1240 1353 1437 1434 deliravisse,

213 1462 251 1518 ut
282 1457 394 1537 inepta
425 1455 481 1518 illa
511 1455 652 1518 dictione
685 1455 770 1518 111161
799 1476 868 1519 6666
898 1457 1108 1522 oblectarent.
1153 1478 1350 1538 quamquam
1378 1457 1438 1521 hoc

215 1556 347 1640 quidem
380 1557 460 1620 satis
492 1564 622 1621 constat
655 1556 757 1621 Afros
790 1579 855 1622 non
887 1560 1085 1642 ignoravisse
1122 1561 1254 1643 proprio
1294 1559 1436 1641 quodam

215 1680 363 1724 sermone
386 1680 419 1722 se
442 1660 490 1723 1111
514 1660 706 1724 6116616616
728 1662 825 1743 paulo
849 1662 976 1727 diverso
1000 1661 1053 1747 (61.
1071 1659 1229 1726 Roensch.
1252 1685 1283 1745 p.
1309 1667 1326 1724 7
1350 1667 1435 1743 618,

215 1762 423 1830 Schuchardt
445 1762 465 1825 l.
490 1784 516 1826 c.
539 1763 559 1826 Ι
586 1784 618 1845 p.
641 1763 708 1846 98).
752 1766 891 1828 maxime
918 1772 1027 1830 autem
1058 1786 1096 1828 ea
1125 1787 1160 1828 re
1189 1765 1436 1848 provincialium

216 1867 323 1930 oratio
355 1865 562 1947 discrepabat
590 1865 631 1930 ab
661 1866 799 1944 urbana,
835 1868 921 1949 quod
955 1889 1019 1931 non
1053 1872 1124 1930 erat
1149 1868 1190 1932 ab
1224 1869 1310 1931 omni
1342 1875 1436 1950 parte

214 1991 318 2051 aeque
342 1967 513 2032 emendata
535 1968 592 2032 sed
613 1970 746 2051 propius
773 1969 949 2034 accedebat
977 1970 1019 2032 ad
1049 1969 1177 2034 dicendi
1206 1991 1328 2034 morem
1357 1971 1435 2034 coti-

215 2071 359 2153 dianum,
383 2073 440 2154 qui
462 2071 513 2135 vel
535 2071 680 2152 longiore
702 2077 847 2153 tempore
870 2074 975 2136 minus
998 2073 1080 2136 solet
1100 2071 1306 2155 immutari.²)

307 2173 514 2257 Quamquam
536 2174 636 2256 igitur
659 2195 698 2236 ex
720 2173 845 2254 studiis,
866 2177 983 2257 quihus
998 2176 1159 2258 Apuleius
1175 2174 1437 2239 adulescentulus

215 2284 248 2341 61
284 2275 486 2359 Carthagine
523 2283 556 2340 et
593 2277 733 2340 Athenis
768 2276 896 2341 deditus
927 2285 1013 2358 erat,
1045 2284 1132 2342 recte
1166 2277 1258 2341 uobis
1292 2278 1437 2341 videmur

213 2380 402 2444 ratiocinari
424 2379 458 2441 in
480 2379 654 2460 scriptione
678 2380 745 2442 eius
769 2400 833 2443 non
856 2380 966 2444 deesse
988 2380 1160 2460 vocabula,
1185 2401 1268 2462 qnae
1290 2381 1436 2445 consulto

214 2483 269 2546 ille
293 2482 480 2564 repetiverit
510 2481 551 2544 ab
574 2482 732 2563 antiquis,
761 2487 869 2546 tamen
901 2484 1055 2566 plurima,
1086 2504 1168 2564 qnae
1195 2504 1254 2565 pro
1284 2483 1437 2546 obsoletis

213 2585 330 2649 haberi
363 2590 498 2667 possunt
529 2583 640 2648 dedita
673 2605 772 2667 opera
804 2607 823 2648 a
862 2587 976 2668 priscis
1014 2607 1088 2650 eum
1119 2585 1372 2669 deprompsisse,
1401 2591 1437 2649 ut

215 2688 353 2751 insuetis
376 2688 529 2770 mirisque
551 2688 683 2752 vocibus
710 2688 846 2752 lectores
872 2688 923 2751 vel
950 2688 1115 2752 auditores
1144 2689 1336 2769 oblectaret,
1365 2711 1437 2770 per·

214 2796 402 2854 sever-auter
424 2789 622 2874 negabimus.
657 2796 755 2872 atque
779 2811 927 2854 normam
949 2793 1045 2855 certis
1069 2791 1264 2874 quibusdam
1291 2792 1437 2855 terminis

215 2893 508 2976 circumscriptam,
537 2914 636 2975 qnam
658 2892 700 2956 ud
729 2893 943 2958 elocutionem
965 2894 1186 2976 Apuleianam
1213 2893 1369 2957 adhibeas
1397 2893 1436 2958 de

305 3114 326 3182 ¹)
345 3114 379 3168 61.
397 3115 545 3168 Koziolius
563 3116 581 3168 l.
601 3133 623 3169 c.
642 3134 669 3184 p.
688 3118 716 3168 2:
737 3116 787 3168 der
809 3118 951 3170 ausdruck
969 3118 1006 3169 ist
1026 3159 1031 3170 .
1052 3156 1058 3168 .
1077 3116 1154 3168 .voll
1173 3116 1339 3184 eutlegener
1356 3115 1436 3169 weit-

214 3198 394 3268 hergeholter
406 3205 495 3254 worte
514 3201 679 3270 ausgeputzt
691 3202 744 3253 mit
757 3202 944 3256 katachresen
962 3203 1020 3256 und
1033 3202 1225 3266 soloecismen,
1238 3201 1434 3269 neolcgismen

215 3286 274 3338 und
293 3286 476 3340 archaismen.
509 3287 573 3340 dass
588 3288 648 3343 dies
666 3287 746 3340 nicht
758 3287 820 3339 blos
839 3288 1139 3357 eigcuthuemlichkeit
1158 3287 1300 3340 einzelner
1318 3291 1435 3340 autorec

214 3371 266 3436 ist,
292 3372 414 3425 sondern
438 3391 486 3426 aus
511 3373 576 3426 dem
593 3374 681 3442 geiste
705 3373 763 3426 und
788 3373 837 3426 der
860 3374 1177 3442 geschmacksrichtuug
1200 3372 1251 3425 der
1276 3373 1437 3442 damaligen

214 3458 270 3510 zeit
288 3457 541 3528 hervorgegangen
566 3460 624 3512 und
644 3460 796 3528 allgemein
814 3460 928 3512 ueblich
946 3478 1017 3524 wer,
1043 3460 1183 3512 beweisen
1201 3462 1286 3510 unter
1304 3457 1436 3511 auderem

215 3544 261 3597 die
280 3548 371 3598 worte
391 3546 438 3598 des
458 3545 596 3613 Apuleius
616 3545 675 3598 flor.
697 3547 759 3610 l,9
785 3547 847 3613 quis
867 3547 941 3598 euim
959 3549 1085 3599 vestrum
1104 3563 1144 3613 sq.
1181 3547 1279 3598 contra
1298 3561 1331 3597 66
1348 3543 1437 3597 Drae·

213 3647 298 3699 gerus
322 3631 341 3684 l.
366 3648 388 3684 c.
412 3650 439 3700 p.
464 3629 553 3684 XVII
581 3631 664 3683 dicit:
695 3631 972 3700 glueckliehervveise
995 3632 1034 3685 ist
1060 3631 1152 3684 dieser
1178 3630 1266 3699 unfug
1290 3630 1363 3684 ohne
1391 3631 1437 3683 die

213 3717 359 3786 geringste
383 3716 585 3785 nachwirkung
608 3717 760 3785 geblieheu
779 3758 784 3769 .
806 3757 811 3769 .
831 3759 837 3770 .
857 3717 915 3770 und
938 3717 1010 3770 auch
1040 3717 1085 3770 die
1109 3716 1322 3769 kirchenvaeter
1343 3715 1437 3769 haben

214 3803 275 3854 sich
300 3803 354 3854 1161
379 3802 470 3855 davon
496 3802 632 3855 erhalteu.
669 3802 703 3854 ab
728 3808 807 3856 recto
830 3807 950 3871 uterque
971 3803 1146 3870 aliquantum
1165 3802 1315 3860 aberravit.

302 3886 323 3956 2)
343 3887 452 3941 Arnob.
472 3889 533 3941 adv.
547 3891 604 3941 nat.
620 3889 643 3953 1,
656 3890 690 3940 58
709 3888 744 3941 de
762 3889 999 3956 interpretatione
1018 3888 1108 3942 latina
1125 3889 1265 3941 librorum
1283 3905 1435 3954 sacrorum,

215 3991 299 4040 quam
318 3974 352 4027 ab
366 3974 481 4027 homine
499 3975 581 4042 plane
601 3974 717 4027 indocto
737 3974 896 4027 confectam
915 3992 975 4028 esse
990 3975 1065 4028 haud
1084 3975 1230 4042 quisquam
1249 3974 1436 4038 contenderit,

216 4059 386 4112 haecdicit:
408 4061 543 4126 „trivialis
562 4065 591 4113 et
609 4061 738 4113 sordidus
758 4077 848 4113 sermo
869 4065 928 4114 est“
950 4064 1024 4114 6159
1044 4060 1242 4127 „barbarismis
1261 4060 1435 4113 soloecismis

215 4145 327 4198 obsitae
346 4149 426 4210 sunt,
453 4145 556 4213 inquit,
582 4163 625 4198 res
644 4150 755 4199 vestrae
779 4151 815 4198 et·
825 4147 959 4201 vitiorum
983 4147 1167 4200 deformitate
1186 4145 1311 4214 pollutae
1330 4185 1336 4198 .
1356 4185 1361 4197 .
1382 4185 1388 4198 .
1408 4150 1437 4198 et

214 4234 311 4283 tamen
339 4249 355 4284 o
383 4231 446 4296 isti,
477 4232 524 4298 qui
552 4232 675 4299 pollutas
703 4249 746 4285 res
775 4236 886 4285 nostras
911 4233 1045 4286 vitiorum
1076 4231 1266 4284 criminamini
1291 4230 1437 4296 foeditate,

214 4316 401 4384 stribiligines
438 4322 467 4370 et
489 4335 539 4374 vos
570 4318 638 4370 istas
672 4317 752 4370 libris
779 4317 834 4370 illis
862 4319 891 4370 in
917 4319 1048 4371 maximis
1079 4317 1349 4384 admirabilibusque
1380 4334 1437 4370 non

216 4403 369 4456 1161161161.
390 4443 396 4456 .
415 4444 421 4456 .
442 4408 490 4457 aut
509 4404 620 4472 igitur.
643 4443 649 4456 .
670 4446 675 4457 .
695 4403 801 4456 frustra
823 4422 874 4458 nos
894 4405 988 4458 dicitis
1008 4404 1240 4457 soloecismorum
1260 4402 1434 4456 obscenitate

216 4488 368 4554 deformes,
394 4490 491 4542 autin
510 4489 650 4543 similibus
669 4489 746 4542 vitiis
765 4506 815 4543 vos
840 4507 950 4558 quoque
968 4490 1120 4544 versamini
1144 4490 1271 4556 quamvis
1294 4488 1433 4557 Epicadus

215 4592 311 4630 omnes
330 4579 399 4630 cet.“

1241 4677 1279 4730 2*
