3382 5152
822 351 861 414 13

736 437 939 450 nnn—Q

227 555 422 642 scriptorum
445 553 544 622 dictio
568 576 640 623 cum
666 559 813 623 oratione
841 555 1088 641 provincialium
1116 549 1285 619 horridula
1307 559 1448 620 vetusta·

227 669 356 744 temque
368 660 527 725 redolenti
540 660 778 742 quodammodo
792 661 1004 726 concordaret
1018 680 1153 740 cumque
1168 665 1313 742 tempore
1325 658 1448 740 eodem,

228 786 291 847 quo
325 765 357 828 in
388 763 504 828 Africa
532 765 647 828 literae
679 763 905 843 effloruerunt,
937 763 1080 845 optimae
1109 762 1280 825 latinitatis
1303 762 1449 843 exempla

227 868 403 931 obliterata
425 873 542 946 essent,
566 866 654 949 apud
672 867 772 931 Afros
789 867 1000 930 vetustiorum
1024 866 1217 947 scriptorum
1240 885 1446 928 romanorum

228 970 416 1034 memoriam
425 975 556 1052 practer
565 970 739 1052 scriptores
752 989 883 1051 graecos
893 968 1032 1050 viguisse
1044 968 1224 1050 suspiceris.
1249 987 1450 1049 quamquam

227 1073 427 1152 testimonia,
458 1072 575 1154 quihus
607 1072 715 1154 opinio
749 1072 829 1134 hacc
858 1069 1079 1146 confirmetur,
1111 1067 1322 1150 suppeditant
1347 1091 1449 1153 prope

229 1175 329 1238 nulla.
374 1194 456 1237 unus
481 1172 630 1238 Suetonii
652 1175 743 1238 locus
766 1177 916 1256 (gramm.
940 1171 1111 1255 24)661)16
1138 1171 1303 1253 subvenit,
1331 1172 1449 1235 ubido

229 1277 339 1341 Probo
362 1277 409 1340 sic
433 1277 591 1340 traditum
613 1283 684 1340 est:
716 1276 860 1359 „legerat
887 1277 921 1338 in
949 1274 1117 1358 provincia
1145 1273 1303 1355 quosdam
1325 1280 1449 1338 veteres

227 1379 355 1443 libellos
380 1378 468 1461 apud
491 1380 761 1460 grammatistam,
786 1377 925 1441 durante
947 1378 1054 1442 adhuc
1075 1376 1121 1441 ihi
1138 1377 1451 1440 veterum'memoria

227 1480 366 1544 necdum
390 1481 520 1544 omnino
542 1481 664 1545 abolita
686 1482 770 1544 sicut
783 1481 939 1544 Romae“.
983 1479 1069 1544 bono
1086 1485 1194 1542 autem
1209 1478 1354 1560 periculo
1370 1477 1451 1542 haec

228 1585 327 1647 etiam
349 1583 383 1647 in
407 1581 511 1646 Afros
533 1583 640 1646 valere
664 1581 850 1661 contendas,
873 1582 1063 1665 praesertim
1087 1602 1159 1644 cum
1179 1579 1266 1662 apud
1281 1601 1336 1644 eos
1358 1601 1450 1663 prae·

230 1685 322 1768 cipue
345 1686 538 1749 vetustiores
561 1686 733 1768 scriptores
755 1685 881 1748 romani
903 1683 1235 1768 commemorentur.¹)
1279 1687 1449 1766 praetcrea

226 1785 368 1850 Arnobii
392 1790 420 1866 l,
444 1791 483 1850 59
506 1787 605 1851 verba
630 1788 682 1866 „in
710 1787 867 1851 similibus
897 1787 983 1851 vitiis
1012 1805 1067 1849 vos
1108 1806 1236 1867 quoque
1276 1785 1449 1850 versamini

227 1888 285 1972 (sc.
308 1894 345 1951 ut
367 1888 504 1953 trivialis
527 1891 684 1953 sermonis
699 1909 793 1954 voces
809 1888 851 1952 61
868 1888 1072 1953 scribendum
1088 1887 1285 1972 adhibeatis)
1301 1889 1448 1969 quamvis

226 1989 392 2073 Epicados
424 2011 550 2071 omncs,
582 1990 758 2056 Caesellios
782 1991 917 2058 Verrios
949 1990 1089 2056 Scauros
1114 1991 1252 2054 teneatis
1276 1996 1309 2054 et
1330 1989 1448 2055 Nisos“

228 2093 394 2158 consimile
427 2093 506 2174 quid
535 2093 690 2158 indicant.
740 2093 801 2158 hoc
839 2094 940 2174 igitur
969 2092 1113 2156 studium
1144 2093 1339 2174 scriptorum
1368 2095 1451 2157 anti-

230 2217 368 2277 quorum
403 2197 540 2280 simplex
576 2203 674 2278 atque
709 2197 848 2260 orationi
885 2195 1130 2279 provincialium
1168 2215 1346 2278 congruens
1382 2198 1452 2280 ipse

227 2298 389 2381 Apuleius
413 2300 446 2362 in
462 2297 579 2363 Africa
594 2300 761 2382 amplexus
777 2305 826 2363 661
840 2299 1029 2381 priusquam
1045 2299 1078 2362 in
1096 2296 1270 2362 Graeciam
1284 2299 1450 2381 migraret.

230 2401 373 2466 Athenis
397 2422 472 2465 vero
494 2401 658 2466 Hadriani
681 2407 714 2467 et
727 2400 972 2466 Antoninorum
994 2407 1139 2482 ternpore
1162 2401 1327 2482 sophistae
1343 2423 1451 2467 recen·

229 2504 330 2568 tiores
354 2505 451 2568 variis
475 2503 664 2587 disciplinis,
688 2504 845 2594 imprimis
868 2509 937 2567 arte
960 2505 1104 2568 oratoria
1127 2503 1289 2568 studiosos
1312 2505 1451 2569 instruc-

227 2605 318 2670 bant.
355 2607 389 2670 in
405 2627 470 2688 qua
487 2606 666 2671 exercenda
682 2606 767 2669 hanc
782 2606 1001 2670 observabant
1015 2607 1185 2687 rationem,
1209 2612 1245 2670 ut
1260 2613 1453 2689 argumenta

229 2707 505 2773 declamationum
538 2731 578 2773 ex
611 2714 756 2772 veterum
789 2707 991 2774 Graecorum
1024 2708 1121 2773 rebus
1153 2709 1320 2792 praeclare
1354 2711 1452 2792 gestis

317 2948 339 3015 ¹)
357 2947 419 3015 ipsa
447 2945 606 3014 priscorum
633 2947 804 3014 scriptorum
832 2947 918 2999 verba
945 2945 979 2997 ab
1007 2945 1128 3012 Apuleio
1156 2947 1311 3000 afferuntur
1337 2948 1450 3001 horum:

226 3031 323 3086 Plauti
341 3033 413 3085 ddeo
425 3031 507 3087 Socr.
523 3034 553 3085 ll
573 3032 723 3096 1166218
741 3031 826 3084 Ennii
845 3031 1038 3084 1166866162
1057 3033 1099 3085 bis
1117 3033 1186 3086 ibid.
1205 3035 1221 3086 5
1240 3034 1274 3087 (16
1293 3034 1397 3086 mundo
1416 3035 1451 3086 33

227 3117 263 3171 16
282 3135 354 3187 mag.
372 3119 406 3171 39
420 3117 537 3171 Catonis
551 3119 585 3170 de
604 3118 708 3170 mundo
725 3119 757 3170 14
768 3117 893 3171 Terentii
912 3118 985 3170 1166
998 3117 1076 3170 Socr.
1091 3121 1125 3172 20
1143 3120 1223 3172 Accii
1241 3120 1313 3172 ddeo
1327 3119 1403 3172 Socr.
1417 3121 1451 3172 23

228 3204 334 3256 incerti
352 3204 451 3274 tragici
469 3204 529 3256 flor.
547 3207 577 3256 18
590 3203 703 3256 Afranii
722 3203 756 3255 de
773 3221 846 3271 mag.
863 3205 893 3256 12
911 3203 1011 3256 Lucilii
1030 3204 1102 3256 ddeo
1117 3203 1195 3258 Socr.
1214 3207 1285 3273 prol.
1301 3210 1330 3259 61
1342 3205 1402 3259 flor.
1415 3209 1448 3260 21

161 3351 166 3360 Ι
225 3289 325 3342 Laevii
345 3289 380 3358 (1)
399 3291 433 3342 16
451 3307 523 3358 mag.
537 3292 570 3342 30
584 3289 721 3342 Varronis
740 3289 774 3342 de
793 3307 866 3360 mag.
879 3292 913 3342 43
932 3289 1058 3341 Lucretii
1077 3290 1150 3343 ddeo
1168 3290 1246 3344 Socr.
1262 3294 1275 3344 l
1294 3293 1375 3345 6110.
1407 3293 1450 3345 his

226 3375 300 3427 addc
319 3375 522 3444 imperatorem
541 3375 716 3428 Hadrianum
735 3375 770 3427 de
788 3392 860 3444 mag.
880 3376 920 3427 11.
956 3380 1102 3442 practerea
1119 3376 1302 3446 nominantur
1314 3377 1450 3431 Caecilius

226 3459 335 3513 Statius
362 3461 396 3514 dc
421 3477 493 3530 mag.
512 3463 528 3513 5
548 3461 678 3514 Valerius
705 3460 845 3514 Aedituus
865 3461 899 3514 de
917 3479 989 3529 meg.
1008 3463 1024 3512 9
1043 3460 1159 3514 Porcius
1177 3462 1293 3515 Licinus
1312 3464 1381 3517 ibid.
1418 3464 1450 3532 Q.

225 3545 360 3598 Lutatius
380 3546 496 3599 Catulus
515 3547 581 3599 ibid.
617 3547 687 3599 Cato
706 3547 741 3599 de
759 3564 830 3614 mag.
850 3547 884 3598 95
903 3547 932 3599 0.
953 3547 1095 3600 Gracchus
1113 3548 1180 3600 ibid.
1212 3549 1363 3603 Sallustius
1382 3550 1449 3603 ibid.

225 3631 357 3700 Nigidius
380 3632 414 3684 de
436 3650 510 3700 mag.
529 3634 564 3684 42
588 3631 698 3686 Ticidae
718 3632 753 3684 dc
771 3649 845 3700 mag.
867 3635 898 3686 10
917 3632 1018 3686 Calvus
1038 3633 1072 3686 de
1091 3651 1162 3702 mag.
1180 3635 1221 3686 95.
1257 3634 1449 3688 Tertullianus

228 3718 306 3770 locos
333 3718 404 3771 sicut
429 3719 549 3787 scriptos
575 3718 684 3772 invenit
708 3719 898 3771 vetustiorum
922 3719 1009 3771 refert
1027 3719 1139 3772 horum:
1159 3719 1274 3773 Pacuvii
1297 3721 1332 3774 dc
1349 3721 1449 3789 pall.3

225 3801 342 3855 Laberii
365 3804 400 3856 de
428 3803 886 3872 ,161111166661116166611665Ι
924 3810 1039 3872 practer
1061 3805 1112 3857 hos
1131 3806 1228 3858 166161
1245 3805 1370 3859 Ennium
1389 3807 1451 3860 adv.
1539 3831 1543 3838 ·

203 3887 341 3960 ,Valent
368 3893 384 3943 7
408 3890 443 3943 (16
467 3891 559 3943 anima
583 3892 616 3943 33
641 3889 778 3942 Catonem
801 3890 837 3941 ad
859 3893 916 3941 nat.
942 3891 967 3954 1,
994 3892 1027 3943 10
1049 3891 1111 3943 61116
1135 3892 1217 3956 16616,
1242 3893 1361 3945 Accium
1387 3893 1449 3946 616.

226 3974 342 4029 Valent.
370 3978 411 4030 12.
432 4008 466 4015 -
489 3976 649 4030 Arnobium
675 3977 705 4028 in
727 3975 808 4029 libris
832 3976 964 4030 adversus
987 3976 1115 4030 nationes
1133 3977 1169 4030 61
1185 3979 1344 4046 priscorum
1362 3978 1450 4048 scrip-

224 4065 321 4114 torum
348 4062 540 4115 elocutionem
570 4078 775 4130 saepenumero
806 4079 835 4114 66
865 4063 1051 4131 applicavisse
1077 4063 1325 4117 Reifferscheidius
1353 4065 1450 4118 docuit

224 4165 252 4216 p.
282 4148 316 4200 10
341 4148 443 4201 indicis
475 4147 594 4200 scholar.
623 4147 770 4202 Vratislav.
800 4147 893 4200 hieme
922 4166 945 4202 a.
973 4148 1449 4204 lllDCCOLXXVII-LXXVIII

224 4234 394 4287 habit-arum.
430 4232 597 4286 Lactantius
615 4232 710 4287 Plauti
728 4235 815 4287 verba
837 4235 907 4286 cit-at
930 4235 996 4288 inst.
1015 4237 1046 4302 5,
1067 4237 1111 4302 12,
1130 4239 1159 4301 6,
1179 4238 1209 4289 11
1234 4237 1319 4290 Ennii
1337 4238 1403 4290 inst.
1424 4240 1447 4303 1,

226 4321 274 4386 11,
298 4321 321 4385 1,
347 4321 391 4385 13;
418 4322 442 4384 1,
468 4320 513 4386 14,
541 4321 563 4383 1,
589 4320 632 4386 15,
654 4323 676 4386 1,
702 4322 747 4387 18,
771 4321 796 4385 5,
816 4321 829 4372 1
850 4320 927 4384 61166,
946 4319 1073 4374 Terentii
1091 4322 1156 4374 inst.
1175 4324 1200 4387 3,
1218 4324 1248 4388 4,
1267 4324 1291 4388 3,
1311 4324 1355 4390 18,
1375 4325 1399 4389 5,
1418 4327 1447 4391 9,

227 4407 252 4471 7,
275 4407 304 4472 2,
329 4408 353 4464 7.
377 4407 411 4458 27
429 4405 532 4458 Lucilii
550 4405 617 4458 inst.
638 4408 660 4472 l,
679 4409 725 4472 22,
743 4408 768 4470 4,
788 4407 817 4472 3,
835 4407 860 4470 5,
879 4409 908 4472 9,
932 4408 956 4471 5,
978 4408 1021 4473 14,
1040 4411 1065 4472 6,
1083 4409 1111 4475 5,
1131 4411 1155 4474 6,
1174 4411 1202 4474 6,
1221 4410 1244 4472 6,
1266 4411 1298 4461 18
1320 4409 1387 4478 cpit.
1405 4411 1448 4475 22,

223 4492 355 4546 Lucretii
373 4492 437 4544 inst.
458 4493 481 4556 1,
505 4494 551 4559 16,
575 4493 598 4557 1,
623 4494 669 4560 21,
695 4494 719 4557 3,
739 4494 782 4558 27,
800 4492 835 4546 (16
852 4492 895 4544 ira
920 4494 944 4558 8,
966 4493 998 4546 10
1022 4494 1118 4547 multis
1142 4494 1205 4547 aliis
1223 4494 1302 4562 locis,
1321 4495 1450 4552 Sallustii

224 4579 294 4632 inst.
313 4580 339 4643 2,
360 4579 404 4646 12,
423 4579 448 4644 3,
466 4580 508 4632 29.
