3382 5152
808 315 847 374 10

217 515 394 598 inspexisse
417 514 582 595 videntur,
615 514 693 578 satis
716 516 791 581 inde
818 496 853 580 se
879 515 1002 580 discere
1024 535 1118 598 posse
1146 515 1211 580 rati
1239 533 1337 597 qnam
1370 513 1436 581 late

217 617 365 682 vocabuli
388 617 523 681 alicuius
551 639 628 682 nsns
649 622 786 700 pateret.
831 639 902 682 eam
924 639 998 682 vero
1021 618 1179 682 rationem
1200 617 1437 700 repudiandam

217 741 286 784 esse
309 721 335 782 si
357 721 522 803 scriptoris
545 721 694 801 alicuine,
718 722 909 804 praesertim
932 720 1002 783 aevi
1024 719 1226 803 posterioris,
1257 741 1435 786 sermonem

216 823 399 886 accuratius
420 825 605 888 examinare
626 825 719 904 velis,
750 825 969 906 unusquisqne
999 826 1030 885 et
1052 827 1167 906 suapte
1194 829 1309 906 sponte
1337 845 1435 906 agno-

217 931 285 990 scet
319 931 351 990 et
379 925 474 990 facile
506 948 545 990 ox
572 927 682 991 multis
715 927 868 1010 exemplis
907 927 1051 1008 colliget,
1084 945 1167 1006 qnae
1201 924 1244 988 ad
1276 928 1435 993 vocabula

216 1028 412 1111 Apuleiana,
436 1028 614 1111 dequibus
637 1031 783 1112 quaestio
807 1035 864 1110 est,
887 1027 1036 1108 afferam,
1061 1048 1258 1110 quamquam
1279 1031 1348 1112 ipse
1370 1051 1435 1095 non

217 1151 327 1196 omnes
348 1130 448 1195 libros
470 1131 543 1214 legi,
568 1133 746 1214 exquibus
768 1133 909 1197 fructum
925 1131 1066 1212 aliquem
1083 1131 1235 1214 colligere
1256 1133 1435 1214 potuissem

216 1232 258 1297 ad
280 1234 459 1298 orationem
480 1234 603 1318 Apulei
625 1235 745 1298 rectius
768 1233 1012 1299 aestimandam.

302 1337 375 1400 Iam
405 1338 506 1419 igitur
543 1357 602 1402 nos
634 1337 731 1420 paulo
762 1337 857 1402 aliter
893 1342 991 1419 atque
1018 1333 1115 1416 vulgo
1144 1333 1182 1398 fit
1215 1333 1254 1414 de
1292 1335 1434 1419 Apuleio

217 1439 432 1503 existimaturi
451 1439 485 1502 in
508 1440 725 1504 examinanda
747 1441 815 1504 eins
844 1439 986 1504 dictione
1008 1458 1067 1520 pro
1085 1457 1200 1500 norma
1222 1437 1434 1504 adhibeamus

215 1541 356 1623 reliquos
380 1543 553 1625 scriptores
575 1542 693 1622 Afros,
722 1543 777 1626 qni
804 1564 870 1606 non
891 1543 1032 1620 Romae,
1063 1540 1174 1603 sedin
1196 1538 1313 1605 Africa
1334 1541 1434 1608 libros

217 1646 414 1727 scripserunt
442 1649 474 1708 et
501 1646 528 1708 si
559 1645 614 1727 qni
642 1646 697 1709 alii
726 1645 823 1709 simili
849 1645 977 1708 ratione
1004 1663 1247 1724 nonnunquam¹
1265 1643 1308 1707 ad
1330 1644 1434 1727 plebis

216 1768 395 1812 sermonem
411 1747 653 1811 descenderunt.
698 1768 837 1829 namque
852 1748 907 1827 ita,
934 1753 1024 1830 pute,
1053 1745 1192 1810 elucebit
1206 1746 1329 1830 Apulei
1343 1768 1435 1812 voea-

215 1850 365 1914 bnlornm
388 1849 630 1932 supellectilem,
654 1850 687 1912 in
708 1871 774 1932 qna
789 1849 991 1932 congerenda
1007 1848 1249 1930 antiquissimos
1265 1855 1435 1933 tantopere

217 1952 405 2036 expilavisse
429 1974 502 2016 enm
532 1951 743 2033 contendunt,
772 1952 985 2016 averbornm
1016 1952 1125 2034 copia,
1157 1973 1239 2034 qnae
1269 1958 1435 2035 comparet

215 2055 249 2118 in
271 2056 445 2119 veterrima
466 2055 524 2118 illa
549 2055 819 2138 interpretatione
846 2055 1015 2119 literarum
1043 2075 1224 2134 sacrarum,
1247 2055 1281 2118 in
1304 2057 1433 2138 scriptis

216 2157 410 2222 Tertulliani
420 2157 461 2243 1),
485 2155 656 2240 Cypriani,
680 2158 713 2221 in
736 2161 863 2222 vetusta
885 2157 1029 2220 versione
1058 2157 1161 2221 latina
1183 2156 1342 2222 librorum
1364 2159 1432 2224 Ire-

215 2261 303 2342 naei,
334 2260 420 2343 apud
451 2279 560 2324 omnes
590 2280 658 2340 eos,
687 2261 743 2342 qni
769 2281 808 2324 ex
838 2260 963 2342 vulgari
991 2280 1137 2323 sermone
1164 2261 1268 2324 multa
1295 2262 1329 2325 in
1357 2263 1434 2326 scri·

213 2363 356 2445 ptionem
377 2363 625 2443 transtulerunt,
651 2385 715 2428 non
738 2364 819 2427 adeo
843 2363 1027 2426 abhorrere.
1073 2383 1153 2444 qnos
1176 2363 1308 2444 quidem
1329 2365 1429 2447 scrip·

214 2469 300 2530 tores
331 2466 552 2548 librorumque
583 2487 749 2530 sacrorum
778 2466 958 2530 versionem
980 2464 1068 2528 illam
1091 2464 1249 2548 philologi
1276 2488 1355 2550 prae
1382 2469 1431 2548 iis,

216 2569 272 2650 qui
302 2575 377 2632 sunt
401 2570 563 2650 principes
594 2569 764 2632 literarum
794 2567 971 2631 latinarum
1003 2570 1151 2631 auctores
1184 2568 1234 2631 vel
1266 2571 1432 2652 aspernati

215 2677 299 2750 sunt,
323 2672 372 2736 vel
394 2672 421 2734 si
444 2671 501 2752 qui
523 2691 633 2735 eornm
655 2691 758 2753 nuper
779 2671 813 2734 in
835 2669 1064 2752 cognoscendis
1080 2670 1143 2733 illis
1160 2671 1434 2756 emendandisqne

215 2793 346 2856 operam
369 2773 607 2838 collocaverunt
635 2777 722 2837 certe
751 2794 814 2837 non
842 2772 1078 2837 contenderunt
1105 2773 1250 2840 obsoleta
1277 2795 1332 2838 eos
1355 2776 1435 2840 arri-

214 2876 322 2958 puisse
346 2877 517 2956 vocabula,
547 2881 583 2938 nt
605 2877 650 2939 eis
680 2877 773 2958 quasi
801 2876 966 2958 pigmento
998 2876 1140 2957 quodam
1166 2877 1322 2942 orationis
1344 2899 1433 2943 more

214 2978 436 3043 Frontoniano
465 2979 625 3042 lectorum
655 2979 779 3042 animos
811 2978 988 3042 allicerent.
1043 2983 1172 3043 vetusta
1203 2979 1318 3061 verba,
1350 3001 1433 3062 quae

215 3081 302 3164 apud
325 3081 498 3165 scriptores
514 3080 614 3145 Afros
638 3087 767 3145 exstant
789 3081 897 3145 omnia
916 3080 1067 3164 colligere
1089 3103 1155 3146 non
1178 3088 1226 3146 est
1248 3083 1343 3148 huius
1358 3084 1431 3163 loci,

216 3183 278 3247 etsi
298 3184 437 3248 multum
459 3183 535 3248 inde
557 3183 762 3267 proficiamus
778 3182 820 3247 ad
836 3183 1014 3248 orationem
1030 3184 1190 3250 Afrorum
1204 3185 1324 3250 rectius
1339 3186 1434 3250 aesti-

214 3286 377 3351 mandam.
422 3287 478 3351 sed
500 3292 610 3351 tamen
632 3285 738 3350 facere
760 3307 825 3350 non
847 3307 990 3369 possum,
1016 3288 1094 3369 quin
1116 3288 1232 3352 saltem
1253 3308 1359 3370 pauca
1381 3288 1434 3353 hic

214 3387 378 3471 proferam
400 3411 439 3453 ex
461 3390 515 3470 iis,
546 3409 629 3471 qnae
656 3388 871 3453 animadverti
898 3411 970 3453 cnm
998 3389 1097 3454 libros
1125 3390 1257 3454 illorum
1277 3392 1431 3473 percurri.

214 3490 301 3571 quod
325 3492 443 3556 attinet
467 3492 510 3556 ad
533 3496 673 3557 veterem
700 3492 790 3556 illam
816 3492 996 3556 versionem
1024 3491 1162 3556 latinam
1192 3491 1360 3557 literarum
1383 3513 1433 3558 sa·
1467 3481 1471 3484 ’

215 3613 353 3675 crarnm,
376 3616 472 3677 qnam
495 3595 529 3659 in
548 3593 664 3659 Africa
687 3595 842 3678 scriptam
865 3615 933 3658 esse
957 3593 1070 3660 eadem
1092 3594 1169 3677 fere,
1193 3616 1257 3677 qua
1272 3596 1433 3679 Apuleius

303 3849 324 3918 ¹)
343 3851 377 3904 of.
402 3851 526 3906 hibertus
553 3853 583 3904 in
607 3852 706 3905 histor.
729 3853 804 3904 univ.
829 3851 936 3904 literar.
959 3850 1032 3902 med.
1057 3867 1115 3904 aev.
1139 3851 1191 3904 vol.
1216 3849 1232 3903 I
1254 3869 1281 3919 p.
1305 3853 1353 3906 35:
1382 3870 1434 3906 vor

213 3935 299 3988 allam
317 3935 474 3991 Tertullian
497 3939 600 3992 nimmt
623 3939 699 3990 scine
718 3937 888 3990 ansdrneckc
906 3953 954 3988 ans
979 3937 1043 3989 dem
1061 3953 1168 4006 ganzen
1186 3937 1281 4006 gebiet
1303 3938 1353 3992 der
1371 3956 1431 3991 nm-

215 4025 437 4092 gangssprache‚
456 4024 574 4078 welches
590 4024 620 4093 ja
639 4024 688 4077 das
707 4024 757 4077 der
775 4023 952 4077 roemischen
968 4023 1168 4090 volkssprache
1186 4024 1371 4078 nnmittelbar
1387 4025 1434 4078 be-

214 4108 339 4175 ruehrte,
364 4128 394 4162 so
419 4111 483 4164 dass
507 4111 558 4164 der
579 4111 689 4181 geniale
714 4115 795 4163 autor
820 4110 864 4163 ein
889 4108 958 4162 oder
982 4108 1029 4162 das
1054 4108 1158 4162 andere
1181 4110 1237 4162 mal
1263 4110 1334 4163 anch
1352 4110 1433 4164 nicht

214 4195 408 4268 verschmaeht
431 4196 515 4250 tiefer
538 4198 569 4250 in
592 4197 682 4250 dieses
705 4195 949 4265 hinabzngreifen:
976 4193 1011 4247 da
1034 4195 1118 4248 allcin
1137 4195 1269 4249 koennen
1287 4195 1348 4250 sich
1366 4196 1433 4249 aber

214 4281 259 4334 die
284 4282 471 4350 cigentlichen
494 4283 697 4336 afrikanismen
719 4282 827 4347 finden,
851 4281 898 4334 die
922 4298 976 4333 nur
999 4280 1062 4333 sehr
1085 4282 1191 4335 schwer
1214 4283 1432 4336 ausznscheiden

214 4367 274 4420 sein
300 4366 464 4435 moeohten3
492 4369 541 4422 das
568 4386 623 4422 was
650 4385 715 4421 man
739 4367 931 4438 gewoehnlich
956 4383 987 4420 so
1012 4372 1100 4420 nennt
1124 4368 1188 4420 sind
1211 4367 1267 4420 fast
1291 4368 1432 4422 durchans

214 4454 530 4524 cigentucmliohkeiten
549 4455 598 4508 der
616 4454 792 4508 roemischen
807 4470 957 4522 umgangs-
969 4454 1028 4506 und
1039 4454 1237 4524 volkssprache
1249 4454 1432 4524 neberhanpt,

214 4539 266 4592 wie
284 4557 334 4592 znr
352 4557 478 4612 genuege
497 4541 542 4594 die
563 4540 761 4594 romanischen
779 4540 916 4608 sprachen
932 4539 1030 4608 reigen
1049 4543 1100 4594 cet.
