3382 5152
805 355 845 416 21

724 441 926 452 ——n——-

214 558 395 619 ostentaret
417 555 502 620 sicut
523 555 648 620 Fronto
671 560 704 620 et
726 555 870 640 Gellius,
897 556 1041 642 profecto
1064 576 1135 619 earn
1157 555 1379 638 proposuisset
1400 554 1435 618 in

212 657 320 738 libris,
348 679 429 740 quos
453 658 636 723 hominibus
664 660 794 743 scripsit
815 660 1022 725 doctioribus.
1065 659 1100 722 hi
1122 657 1207 722 enim
1230 657 1290 720 soli
1311 664 1344 722 et
1366 679 1435 722 sen-

214 762 340 842 sissent,
364 761 443 846 quid
466 761 527 825 sibi
549 760 604 826 ille
625 762 787 842 voluisset,
804 768 836 827 et
851 763 1031 828 doctrinam
1045 762 1145 826 talem
1160 764 1247 826 recte
1263 760 1435 825 aestimare

213 865 406 947 potuissent.
445 863 502 928 sed
523 869 560 928 ut
581 865 684 947 magis
706 865 748 930 ab
771 867 816 931 eis
838 866 1033 950 temperavit
1053 865 1086 928 iu
1107 863 1198 928 libris
1222 863 1373 945 quisunt
1395 863 1435 928 de

212 967 429 1051 philosophia,
452 968 499 1031 ita
521 973 635 1032 contra
655 969 689 1032 in
708 969 819 1035 fabula
834 970 874 1035 de
890 969 981 1034 asino
997 988 1106 1048 auree,
1129 989 1227 1049 quam
1243 966 1284 1031 ab
1300 966 1435 1031 homini·

214 1071 275 1135 bus
297 1071 348 1135 vel
370 1071 517 1154 plurimis
538 1071 679 1136 lectitari
701 1072 831 1137 volebat
851 1073 1035 1154 lectumque
1057 1072 1097 1136 iri
1112 1070 1244 1149 sciebat,
1267 1070 1437 1152 usurpavit

213 1173 389 1238 admodum
411 1174 524 1238 multa.
562 1174 650 1256 quod
672 1176 801 1240 veroin
824 1175 953 1259 scriptis
968 1176 1010 1241 ab
1027 1174 1242 1240 ostentatione
1258 1172 1436 1255 sophistica

212 1280 312 1358 atque
340 1276 382 1340 ab
411 1276 541 1341 humilis
568 1279 653 1342 vitae
681 1278 831 1343 sordibus
853 1299 955 1362 aeque
978 1279 1126 1358 remotis,
1154 1296 1238 1362 quae
1259 1275 1435 1340 lectoribus

212 1379 417 1463 gravioribus
441 1380 703 1463 doctioribusque
727 1381 865 1447 confecit
887 1381 926 1446 de
945 1380 1163 1464 philosophia,
1182 1378 1340 1443 vocabula
1356 1379 1435 1442 trita

211 1483 245 1546 iu
273 1483 434 1572 communi
462 1505 552 1549 more
575 1483 743 1566 loquendi,
774 1484 902 1550 abiecta
924 1489 1033 1548 tamen
1055 1489 1094 1548 ut
1116 1481 1248 1546 sordida
1271 1481 1313 1545 ab
1336 1483 1436 1564 scrip-

210 1587 336 1652 toribus
363 1587 549 1652 melioribus
578 1609 642 1651 non
665 1587 761 1670 plane
783 1588 948 1671 deposuit,
978 1586 1012 1650 id
1034 1591 1207 1669 propterea
1230 1584 1433 1666 factumest,

212 1689 299 1771 qnod
335 1691 477 1774 scriptor
511 1692 566 1755 ille
603 1690 687 1756 Afer
721 1712 740 1756 a
773 1690 1005 1756 consuetudine
1042 1689 1170 1754 dicendi
1207 1688 1436 1770 scribendique

209 1793 459 1876 provincialium
495 1815 627 1878 prorsus
665 1793 829 1859 discedere
867 1793 972 1858 noluit
1008 1813 1046 1857 ac
1081 1792 1219 1857 fortasse
1255 1813 1295 1856 ue
1329 1792 1436 1874 potuit

213 1896 353 1979 quidem.
388 1917 493 1979 neque
516 1898 611 1962 aliter
634 1899 827 1980 compositos
843 1897 941 1962 luisse
957 1897 1097 1979 reliquos
1115 1897 1181 1960 eius
1196 1895 1297 1959 libros
1313 1895 1435 1958 variam

212 1999 394 2064 doctrinam
417 2001 617 2064 continentes
640 2001 798 2084 suspicari
812 2002 897 2080 licet,
922 2021 994 2064 cum
1010 2000 1108 2064 etiam
1123 1998 1210 2082 apud
1226 1999 1306 2063 alios
1323 1997 1434 2080 Afros,

212 2102 269 2185 qui
284 2122 395 2166 cascae
407 2104 578 2168 vetustatis
592 2103 802 2168 artificiosum
814 2122 1050 2186 operosumque
1063 2103 1201 2166 colorem
1213 2123 1278 2166 non
1290 2106 1433 2184 captant,

212 2206 297 2269 sicut
318 2205 406 2288 apud
428 2206 602 2289 scriptores
625 2206 860 2271 ecclesiasticos
884 2209 917 2269 et
938 2206 965 2268 si
987 2206 1042 2286 qui
1066 2204 1268 2287 disciplinam
1291 2203 1435 2288 aliquam

212 2308 265 2372 vel
291 2313 395 2372 artem
422 2309 538 2373 docent
566 2309 642 2374 exili
669 2309 819 2374 dictionis
842 2329 958 2393 genere
981 2308 1186 2390 evidentique
1208 2308 1344 2390 penuria
1365 2329 1435 2372 ver·

213 2411 327 2476 borum
359 2411 446 2475 velut
478 2410 608 2477 anlius
638 2411 852 2493 Aurelianus,
885 2413 1013 2496 saepius
1042 2411 1202 2476 vocabula
1230 2411 1436 2475 inveniantur

213 2515 340 2595 eadem,
372 2513 490 2578 similia
519 2519 605 2578 certe
634 2517 746 2580 multa.
796 2535 935 2599 namque
964 2515 1137 2580 verborum
1165 2535 1242 2578 usus
1272 2515 1305 2578 in
1331 2515 1435 2579 literis

213 2617 347 2682 diversis
373 2616 575 2699 temporibus
601 2618 636 2682 in
663 2619 798 2701 singulis
825 2619 975 2702 partibus
1003 2619 1131 2702 imperii
1154 2617 1299 2683 diversus
1323 2619 1434 2703 eratl)

213 2741 296 2803 quae
318 2721 444 2785 Romae
471 2721 505 2784 in
535 2741 682 2785 sermone
711 2723 908 2805 elegantiore
937 2722 1043 2805 prisca
1069 2725 1222 2804 poterant
1249 2720 1314 2786 dici
1336 2725 1435 2804 atque

213 2823 376 2903 obsoleta,
398 2824 479 2888 haec
500 2823 543 2888 ab
565 2825 777 2908 scriptoribus
801 2825 893 2890 Afris
915 2831 952 2891 ut
973 2827 1052 2891 trita
1074 2824 1322 2908 municipalibus
1345 2824 1435 2888 nulla

213 2926 417 2992 dubitatione
449 2927 579 2992 civitate
611 2929 705 3009 qnasi
737 2928 942 2994 donabantur
971 2949 1075 3011 neque
1107 2927 1194 3012 apud
1226 2948 1280 2993 eos
1311 2929 1436 2992 exoleta

213 3035 289 3094 suut
312 3028 464 3110 dicenda,
488 3028 545 3094 sed
565 3029 735 3111 lectorum,
760 3033 876 3113 quibus
899 3032 1062 3097 destinata
1085 3037 1190 3113 erant,
1213 3029 1314 3096 indoli
1337 3037 1435 3113 atque

212 3133 286 3196 usui
315 3153 391 3197 sanc
418 3133 650 3198 convenientia.
695 3135 782 3216 quod
811 3136 913 3219 igitur
933 3134 1095 3218 Apuleius
1117 3137 1151 3198 in
1178 3135 1271 3200 libris
1293 3133 1436 3215 reliquis,

212 3236 405 3318 praesertim
444 3252 524 3318 quos
558 3237 688 3320 scripsit
721 3242 758 3301 ut
791 3242 972 3303 tererentur
1005 3238 1154 3302 manibus
1188 3237 1353 3301 hominnm
1387 3234 1438 3300 vel

212 3339 435 3423 plurimorum,
453 3340 610 3405 voeabula
626 3361 708 3423 quae
724 3342 831 3424 prisca
847 3341 952 3405 solent
967 3341 1032 3405 dici
1048 3342 1126 3405 satis
1143 3340 1246 3405 multa
1257 3339 1436 3423 usurpavit,

212 3441 247 3506 id
273 3442 338 3506 iam
366 3464 430 3508 non
459 3443 610 3508 videatur
639 3465 708 3508 esse
735 3444 862 3508 mirum.
907 3448 1006 3526 atque
1029 3465 1069 3508 ne
1092 3444 1196 3508 oratio
1219 3442 1350 3525 quidem
1369 3441 1436 3522 illa,

213 3566 310 3627 quam
337 3567 396 3630 pro
425 3567 459 3612 se
485 3547 616 3630 scripsit
644 3546 684 3611 de
705 3547 813 3630 magia
834 3547 931 3630 plane
953 3548 999 3611 eis
1022 3551 1126 3628 caret,
1153 3547 1214 3610 etsi
1237 3546 1349 3628 negari
1372 3567 1438 3610 non

212 3653 320 3731 potest
342 3670 413 3715 eam
434 3651 621 3715 urbanitate
644 3649 785 3733 quadam
801 3670 869 3714 esse
884 3650 977 3733 quasi
993 3650 1180 3715 coloratam.
1218 3671 1317 3732 quam
1332 3649 1438 3731 ipsam

213 3751 432 3817 urbanitatem
459 3754 553 3818 nimis
582 3752 736 3818 admirati
765 3752 911 3817 nonnulli
933 3773 1104 3836 perperam
1126 3759 1322 3836 putaverunt
1345 3752 1437 3836 Apu·

212 3855 311 3920 laium
340 3856 496 3921 voeabula
517 3857 652 3939 antiqua
674 3856 724 3920 vel
744 3855 893 3939 vulgaria
920 3855 961 3920 ab
990 3855 1052 3920 hac
1074 3857 1221 3921 oratione
1241 3856 1437 3938 relegavisse

212 3962 309 4040 atque
332 3960 487 4042 aquaria
514 3959 594 4024 artis
621 3958 795 4023 iactatione
823 3957 1057 4044 abstinuisse.²)
1107 3980 1248 4040 namque
1275 3958 1437 4042 Apuleius

301 4162 322 4230 ¹)
342 4161 400 4216 cic.
427 4162 507 4216 Brut.
530 4165 577 4229 46,
607 4165 670 4227 171,
695 4161 882 4216 Schuchardt.
906 4163 924 4216 l.
944 4179 967 4216 c.
985 4162 1001 4216 I
1018 4182 1044 4232 p.
1064 4165 1110 4230 34;
1135 4162 1168 4216 of.
1194 4162 1280 4215 etiam
1297 4159 1368 4214 Hor.
1391 4177 1437 4213 ars

214 4251 291 4316 poet.
310 4251 344 4302 70
362 4266 402 4316 sq.

299 4334 321 4402 ²)
340 4335 475 4389 Gavalliu.
493 4336 512 4389 l.
530 4352 552 4388 c.
564 4353 592 4404 p.
605 4337 638 4389 12
651 4353 691 4403 sq.
701 4355 708 4402 ;
727 4338 827 4388 contra
845 4352 878 4388 ea
895 4352 988 4404 pauca
1005 4336 1075 4389 haec
1092 4335 1197 4403 respici
1214 4334 1311 4388 iubeo:
1331 4333 1439 4386 dividia

211 4439 234 4474 c.
253 4423 295 4487 28,
314 4423 418 4474 facetia
427 4424 470 4487 56,
488 4423 583 4491 fugela
601 4423 643 4487 98,
661 4422 809 4491 gumia57,
828 4423 1107 4476 inhonestamentum
1117 4424 1142 4486 3,
1153 4420 1377 4474 interfeminium
1395 4421 1437 4483 34,

208 4510 286 4563 lurco
314 4510 356 4573 57,
375 4526 486 4562 maccus
505 4510 547 4574 81,
565 4508 794 4563 mendicabulum
821 4511 863 4574 22,
891 4526 986 4562 ossum
1012 4511 1055 4573 49,
1076 4507 1217 4576 capularis
1236 4510 1278 4573 66,
1297 4508 1365 4559 illex
1394 4508 1436 4570 31,

211 4595 370 4665 morigerus
391 4597 431 4661 14,
449 4612 552 4665 perpes
571 4597 613 4662 73,
631 4595 873 4664 postremissimus
891 4598 934 4661 89,
958 4595 1146 4664 propudiosus
1165 4595 1207 4659 75,
1227 4593 1373 4664 vulgarius
1397 4593 1438 4656 12,
