3382 5152
877 341 896 400 9

273 541 517 626 Erdmannus1)
539 541 573 604 in
596 541 742 624 syllogen
762 541 934 606 verborum
957 563 1078 622 eorum,
1102 563 1185 625 quae
1208 563 1246 606 ex
1268 541 1381 624 priscis
1397 541 1495 623 scrip-

273 644 399 709 toribus
426 643 603 727 Apuleium
634 645 823 727 repetivisse
844 644 1027 724 contendit,
1055 645 1168 708 retulit
1187 645 1329 708 omnium
1345 644 1494 726 primum.

273 747 329 811 sed
346 745 585 830 Quintiliano&
609 751 641 811 et
661 748 760 828 siqui
781 747 837 810 alii
858 748 946 810 anxii
969 747 1118 811 custodes
1134 748 1289 812 sermonis
1311 751 1415 826 erant,
1439 745 1495 828 qui

273 850 520 932 grammaticam
550 849 680 931 linguae
713 850 833 914 latinae
872 851 1033 914 rationem
1071 849 1243 932 diligenter
1278 847 1495 914 observabant

273 952 450 1035 literasque
466 951 592 1016 Romae
615 952 785 1033 docebant,
809 953 848 1017 de
870 954 990 1018 talibus
1016 953 1147 1016 vocibus
1170 951 1265 1015 aliter
1285 951 1494 1015 iudicandum

274 1060 345 1118 erat
369 1060 473 1136 atque.
490 1055 640 1137 scriptori
662 1055 761 1135 Afro,
785 1057 840 1138 qui
862 1055 1020 1120 vocabula
1046 1053 1257 1137 popularibus
1286 1055 1409 1118 usitata
1431 1076 1494 1118 non

273 1162 402 1221 tantum
432 1178 496 1220 non
528 1163 677 1240 respuat,
710 1158 766 1222 sed
798 1179 836 1222 ea
867 1157 1038 1222 manifesto
1076 1160 1185 1239 captet
1223 1156 1495 1240 vernaculumque

274 1260 430 1324 orationis
467 1259 606 1324 colorem
641 1259 780 1324 libenter
819 1259 1043 1342 amplectatur.
1097 1264 1240 1323 ceterum
1280 1260 1358 1323 satis
1392 1260 1495 1323 multa

277 1367 406 1426 exstant
427 1363 627 1442 testimonia,
654 1361 740 1425 unde
771 1362 876 1426 elucet
897 1362 979 1426 illud
999 1363 1191 1426 vccabulum
1216 1363 1313 1425 etiam
1335 1361 1369 1424 in
1390 1361 1494 1426 literis

272 1465 400 1546 saepius
437 1463 620 1528 adhibitum
656 1485 735 1528 esse.
785 1485 861 1528 nam
896 1471 1027 1547 praeter
1059 1464 1237 1546 Apuleium
1274 1462 1495 1528 Tertullianus

273 1565 455 1648 Cyprianus
471 1565 638 1631 Arnobius
658 1568 817 1650 interpres
833 1568 962 1631 Irenaei
985 1589 1022 1632 eo
1046 1571 1121 1630 sunt
1142 1567 1201 1647 usi,
1224 1566 1310 1630 idem
1330 1570 1496 1648 comparet

274 1668 362 1752 apud
386 1668 576 1734 Suetonium
598 1669 623 1734 J
625 1670 768 1733 ustinum
796 1671 1007 1734 Ammianum
1033 1669 1258 1733 Marcellinum
1283 1667 1496 1732 Ambrosium

274 1773 340 1836 sive
363 1771 603 1854 Hegesippum,
631 1777 737 1836 exstat
765 1774 862 1837 etiam
891 1773 924 1837 in
952 1773 1149 1854 inscriptone
1179 1769 1354 1855 quadamss)
1378 1770 1496 1833 aetatis

275 1873 473 1954 Caesareae,
513 1880 550 1939 ut
585 1874 744 1957 liquidum
782 1876 824 1940 sit
861 1896 971 1940 vocem
1003 1875 1094 1939 iham
1130 1873 1355 1938 vetustissimis
1391 1874 1496 1956 poetis

275 1978 453 2059 cognitam,
488 1977 529 2042 ab
565 1979 777 2060 scriptoribus
810 1985 920 2044 tamen
958 1975 1250 2060 praestantioribus
1279 1974 1494 2057 repudiatam,

275 2085 422 2162 tempore
438 2079 560 2162 Apulei
582 2101 645 2144 non
668 2080 769 2145 fuisse
792 2082 963 2146 exoletam.
1007 2081 1105 2144 immo
1120 2099 1286 2160 nunquam
1309 2078 1405 2143 desiit
1427 2097 1496 2142 esse

273 2184 307 2246 in
327 2203 389 2246 usu
413 2183 468 2246 sed
492 2183 678 2247 etiamnunc
692 2185 779 2265 viget
794 2185 827 2247 in
850 2183 968 2265 linguis
984 2182 1118 2247 novellis
1133 2181 1388 2259 romanensibus,
1412 2201 1495 2262 quae

274 2307 294 2348 a
322 2286 448 2366 vulgari
475 2306 620 2350 sermone
650 2286 752 2350 latino
784 2286 888 2369 qualis
920 2291 1064 2350 extrema
1094 2291 1201 2349 aetate
1235 2288 1306 2348 erat
1339 2283 1495 2365 originem

274 2387 445 2468 duxerunt,
470 2389 599 2452 minime
620 2410 696 2452 vero
720 2411 758 2452 ex
780 2388 962 2453 obliteratis
989 2389 1278 2452 vetustissimorum
1300 2385 1495 2467 scriptorum

273 2511 482 2554 romanorum
504 2490 605 2554 libris.
649 2492 760 2573 itaque
783 2513 842 2574 ego
867 2492 997 2574 quidem
1025 2491 1107 2554 nihil
1133 2490 1226 2553 video
1255 2509 1313 2552 cur
1334 2486 1495 2570 Apuleius

273 2592 438 2674 putandus
461 2594 503 2657 sit
525 2593 587 2657 hoc
609 2592 1016 2679 vocabulumtsimilisque
1039 2594 1123 2656 ratio
1147 2590 1312 2657 observari
1332 2595 1441 2672 potest
1461 2590 1495 2653 in

272 2695 421 2777 plurimis
434 2696 520 2780 aliis)
534 2717 553 2759 a
568 2697 682 2778 priscis
699 2697 910 2778 scriptoribus
926 2696 1131 2760 transtulisse
1145 2697 1178 2760 in
1194 2691 1495 2775 metamorphoseon

272 2797 373 2862 libros
396 2797 437 2862 ab
453 2799 670 2882 intelligentia
685 2799 836 2881 populari
851 2821 915 2864 non
932 2805 1083 2880 remotos,
1106 2801 1140 2862 in
1156 2797 1272 2880 quibus
1288 2795 1357 2878 ipse
1372 2793 1496 2860 fatetur

273 2920 452 2964 sermonem
476 2923 510 2966 se
532 2923 689 2985 usurpare
711 2903 885 2985 vulgarem.

360 3000 454 3066 Haec
481 3024 578 3085 porro
610 3024 707 3068 causa
731 3011 858 3069 exstare
880 3005 1008 3068 videtur
1029 3024 1086 3067 cur
1110 3002 1270 3085 Apuleius
1293 3000 1420 3066 exoleta
1441 3021 1495 3064 vc·

273 3103 389 3169 cabula
410 3106 506 3170 nimis
528 3105 729 3171 adamavisse
751 3112 897 3189 putetur,
924 3106 1012 3189 quod
1039 3106 1185 3170 thesauri
1206 3104 1390 3184 latinitatis,
1413 3123 1494 3185 quos

271 3229 357 3273 nunc
379 3209 551 3288 habemus,
583 3209 714 3273 minime
743 3214 819 3272 sunt
847 3209 992 3292 perfecti.
1036 3208 1070 3273 in
1093 3209 1317 3290 cognoscendo
1347 3227 1493 3271 sermone

272 3311 467 3394 scriptorum
491 3332 617 3392 eorum,
643 3312 699 3395 qui
720 3334 779 3395 pro
803 3333 917 3376 norma
939 3311 1116 3376 adhibendi
1139 3315 1214 3374 sunt
1235 3311 1269 3374 in
1292 3308 1493 3374 aestimando

271 3413 399 3477 delectu
425 3413 655 3477 vocabulorum
670 3413 802 3497 Apulei,
825 3416 1028 3498 potissimum
1043 3413 1210 3494 Afrorum,
1237 3412 1383 3476 homines
1406 3411 1495 3475 docti

269 3537 386 3598 parum
419 3517 584 3597 hucusque
618 3517 857 3581 collocaverunt
894 3538 1022 3600 operae.
1077 3522 1112 3581 at
1149 3521 1262 3580 contra
1300 3514 1493 3578 vetustiores

270 3619 445 3702 scriptores
467 3620 563 3683 latini
585 3621 688 3684 multo
712 3619 899 3702 diligentius
922 3626 997 3685 sunt
1020 3620 1208 3699 examinati,
1233 3637 1430 3701 quamquam
1442 3623 1492 3680 ‘ne

269 3721 317 3785 illi
340 3722 470 3804 quidem
493 3724 527 3786 in
550 3721 779 3804 cognoscendis
807 3725 938 3808 linguae
965 3724 1041 3787 fatis
1071 3727 1146 3786 sunt
1175 3720 1354 3784 omittendi.
1399 3718 1492 3782 multi

268 3824 383 3906 igitur,
406 3825 461 3906 qui
485 3824 524 3888 de
547 3823 689 3906 Apuleio
711 3828 865 3892 iudicium
887 3828 1048 3906 fecerunt,
1077 3830 1185 3908 spreto
1212 3823 1323 3888 labore
1350 3821 1492 3903 reliquos

268 3925 342 3990 illos
372 3928 544 4010 scriptores
574 3927 752 4010 diligentur
784 3929 924 3995 adeundi
960 3930 1130 3993 thesauros
1161 3932 1290 3990 tantum
1316 3922 1491 3988 latinitatis

358 4129 379 4198 1)
398 4129 432 4182 cf.
460 4130 546 4182 etiam
574 4131 712 4186 Cavallini
740 4133 774 4186 de
799 4133 832 4187 L.
856 4133 992 4200 Apuleio,
1023 4131 1162 4198 scriptore
1189 4128 1291 4192 latino,
1319 4124 1488 4200 adversaria.

267 4215 386 4268 Lundae
406 4216 472 4268 1857
490 4235 517 4284 p.
537 4219 578 4269 29.

355 4301 377 4369 2)
395 4301 425 4354 in
440 4302 662 4356 condemnandis
675 4304 777 4356 talibus
792 4303 884 4357 verbis
900 4301 1091 4370 Quintilianus
1104 4300 1208 4353 nimius
1222 4300 1291 4360 erat,
1310 4298 1343 4348 ut
1355 4295 1491 4347 nonnulla

266 4387 322 4454 ipsi
344 4387 472 4441 Ciceroni
496 4389 602 4441 usitata
624 4393 757 4456 tanquam
782 4407 816 4442 ex
840 4390 958 4442 ultimae
976 4387 1128 4442 vetustatis
1151 4382 1276 4437 tenebris
1301 4381 1424 4450 repetita
1442 4381 1490 4434 ad·

268 4473 362 4527 hiberi
382 4477 499 4538 vetaret,
519 4475 592 4527 sicut
611 4475 724 4543 oppido,
743 4492 816 4538 reor,
834 4493 975 4540 aerumna,
994 4476 1059 4540 alia3
1078 4472 1112 4526 cf.
1132 4468 1266 4524 Cavalliu.
1284 4466 1302 4520 l.
1322 4484 1344 4520 c.
1362 4485 1390 4535 p.
1408 4469 1450 4520 37.

355 4558 377 4628 ³)
394 4559 472 4612 locos
492 4575 588 4612 omnes
607 4559 671 4612 vide
689 4578 716 4628 p.
735 4561 776 4612 35.
