3382 5152
272 1095 393 1227 Haud
407 1165 454 1228 116
469 1163 578 1227 multis
597 1163 689 1226 annis
704 1168 778 1245 post
793 1161 1027 1246 Carthaginem
1043 1164 1183 1228 deletam
1196 1165 1338 1229 Romani
1355 1167 1492 1248 primam

273 1266 433 1330 coloniam
447 1267 481 1330 in
495 1266 643 1330 Africam
659 1265 872 1330 deduxerunt.
906 1287 945 1330 ex
959 1267 1020 1330 hoc
1031 1268 1101 1350 ipso
1116 1274 1260 1350 tempore
1275 1270 1374 1333 etiam
1390 1290 1492 1332 sermo

271 1371 392 1434 latinus
415 1391 452 1433 eo
464 1367 637 1432 transferri
653 1375 784 1452 coeptus
808 1375 866 1450 est,
890 1391 956 1433 non
970 1370 1149 1452 perpolitus
1172 1362 1227 1434 ille
1251 1371 1340 1434 cultu
1357 1372 1490 1451 urbano,

273 1493 336 1554 quo
356 1473 565 1554 subsequenti
580 1472 708 1536 saeculo
731 1473 889 1555 imprimis
912 1479 1020 1536 aetate
1037 1471 1250 1538 Ciceroniana
1265 1470 1412 1552 florebat,
1436 1474 1493 1538 sed

272 1572 363 1636 rudis
396 1574 659 1657 inconditusque,
695 1575 784 1638 6111116
817 1574 957 1657 speciem
986 1596 1025 1638 ac
1055 1575 1191 1639 formam
1222 1596 1263 1638 ne
1294 1596 1333 1638 ex
1366 1577 1492 1656 priscae

274 1675 405 1757 quidem
430 1677 603 1740 latinitatis
630 1677 775 1758 reliquiis
801 1677 973 1742 salebrosis
1001 1677 1207 1758 horridisque
1234 1679 1417 1740 accuratius
1444 1698 1493 1741 re-

273 1777 393 1861 fingere
416 1780 529 1861 possis.
564 1780 706 1844 seclusus
728 1780 774 1844 ibi
796 1780 838 1844 ab
860 1780 984 1861 impetu
1007 1801 1054 1861 eo,
1078 1801 1141 1862 quo
1156 1780 1282 1843 Romae
1305 1779 1493 1844 ferebantur

272 1879 441 1944 literarum
475 1881 596 1960 studia,
630 1903 689 1964 per
722 1880 877 1945 ducentos
911 1881 979 1946 fere
1009 1903 1111 1946 annos
1145 1882 1242 1945 latuit
1272 1903 1331 1945 nec
1363 1883 1492 1946 omnino

273 1984 381 2066 potuit
416 1984 510 2047 initio
554 1983 733 2048 liberaliter
770 1972 855 2063 6611,
893 2005 965 2048 cum
1007 1985 1152 2066 angustis
1188 1983 1313 2048 finibus·
1344 1985 1493 2049 detentus

275 2086 436 2167 variisque
458 2086 697 2168 impedimentis
720 2087 893 2151 obstrictus
908 2087 1034 2150 tardius
1058 2091 1211 2169 serperet.
1249 2107 1353 2168 neque
1376 2088 1415 2167 61,
1438 2088 1495 2168 qui

273 2187 307 2250 in
336 2186 487 2252 Africam
509 2189 681 2253 veniebant
707 2188 848 2253 Romani
876 2189 1082 2252 emendatum
1111 2209 1292 2252 sermonem
1317 2188 1494 2270 literasque

275 2289 426 2353 cultiores
461 2310 497 2354 eo
524 2291 780 2376 transferebant,
815 2291 935 2373 quippe
963 2292 1020 2372 qui
1053 2291 1242 2372 negotiandi
1270 2291 1321 2354 161
1353 2291 1494 2354 muneris

274 2392 411 2456 alicuius
440 2391 694 2457 ‘administrandi
723 2414 820 2457 causa
853 2394 887 2456 in
915 2395 1114 2476 provinciam
1141 2392 1380 2476 proficiscentes
1405 2393 1496 2456 brevi

274 2515 307 2558 66
338 2495 413 2558 inde
444 2516 625 2560 recessuros
659 2496 779 2560 scirent
811 2501 843 2559 et
874 2501 1008 2578 propter
1043 2497 1173 2578 negotia
1203 2496 1253 2559 vel
1285 2494 1416 2577 publica
1446 2495 1496 2558 vel

274 2597 403 2679 privata
425 2598 527 2662 literis
549 2598 595 2662 ibi
613 2619 729 2662 vacare
752 2619 817 2662 non
838 2603 980 2679 possent.
1018 2599 1140 2662 literati
1163 2602 1248 2662 certe
1264 2597 1409 2662 homines
1431 2618 1496 2660 non

273 2700 449 2764 barbaram
470 2705 607 2781 terram,
635 2700 692 2764 sed
713 2700 867 2781 Romam,
895 2701 1021 2783 imperii
1044 2705 1155 2783 caput,
1178 2701 1342 2782 petebant.
1386 2701 1496 2780 itaque

274 2801 368 2866 facile
396 2803 582 2882 accidisset,
614 2808 650 2866 ut
680 2824 784 2868 sermo
809 2803 930 2867 latinus
956 2803 990 2866 in
1020 2802 1136 2866 Africa
1164 2823 1291 2885 semper
1319 2808 1409 2866 arcto
1436 2823 1496 2864 usu

276 2905 470 2970 terminatus
494 2925 590 2988 aegre
614 2926 647 2969 66
670 2907 859 2984 6161116161;
891 2911 977 2968 66116
999 2927 1165 2988 nunquam
1187 2905 1242 2969 ille
1265 2925 1336 2968 earn
1359 2904 1496 2968 auctori-

276 3013 378 3071 tatem
407 3007 454 3071 ibi
483 3013 672 3072 consecutus
707 3016 806 3089 esset,
842 3029 907 3090 qua
938 3008 1014 3072 inde
1047 3008 1089 3072 ab
1123 3009 1263 3072 secundo
1296 3029 1327 3090 p.
1359 3006 1436 3072 our.
1463 3028 1494 3068 n.

202 3181 206 3189 ,
275 3107 402 3172 saeculo
426 3108 476 3172 vel
497 3111 532 3172 in
553 3111 656 3200 literis
679 3112 786 3193 coepit
814 3111 952 3175 multum
972 3111 1089 3191 valere,
1118 3111 1181 3175 nisi
1200 3111 1342 3175 Romani
1363 3109 1497 3172 maxim-

274 3232 370 3294 opere
397 3211 431 3275 id
453 3212 607 3294 egissent,
637 3216 674 3275 ut
694 3213 796 3277 Afros
820 3213 862 3277 ad
890 3235 1059 3277 romanum
1082 3214 1204 3277 cultum
1234 3218 1266 3276 et
1289 3212 1494 3294 disciplinam

275 3313 454 3396 adigerent.
489 3335 565 3378 nam
588 3335 660 3378 curn
683 3316 907 3398 cognovissent
930 3337 1028 3398 quam
1050 3315 1189 3380 fecunda
1211 3314 1365 3378 frumenti
1379 3313 1496 3378 Africa

276 3417 394 3501 esset1)
410 3415 645 3498 frequentiores
661 3416 804 3480 colonias
827 3439 864 3484 eo
882 3419 1056 3482 mittebant
1079 3423 1111 3482 et
1131 3419 1283 3498 exercitu,
1307 3418 1363 3499 qui
1378 3417 1496 3480 stativa

275 3524 383 3582 666116
405 3519 451 3583 ibi
473 3519 634 3599 habebat,
663 3520 861 3602 provinciam
883 3522 1076 3586 tutabantur
1099 3521 1139 3585 ab
1162 3519 1400 3584 incursionibus
1421 3519 1496 3582 vici-

275 3643 389 3684 narum
412 3623 557 3704 gentium
577 3622 756 3687 latrociniis
780 3623 997 3687 adsuetarum.
1035 3623 1092 3686 sed
1113 3623 1225 3686 rustici
1247 3623 1352 3687 coloni
1367 3623 1498 3686 milites·

275 3745 337 3804 que
363 3725 520 3788 limitanei
553 3731 586 3789 et
613 3725 785 3806 legionarii
812 3745 851 3788 ex
879 3726 1026 3789 omnibus
1059 3726 1186 3807 imperii
1215 3725 1363 3807 partibus
1394 3724 1498 3788 coacti

275 3847 379 3909 neque
410 3826 453 3890 ad
483 3827 715 3909 divulgandum
744 3848 848 3908 neque
876 3828 918 3891 ad
948 3815 1175 3910 expoliendum
1201 3828 1293 3891 illum
1320 3847 1498 3891 sermonem

275 3931 352 3993 satis
388 3929 498 3993 idonei
534 3935 636 3993 erant.
688 3928 766 3992 Afri
803 3936 914 3994 autem
951 3929 1122 4012 indigenae
1160 3929 1315 4011 quamdiu
1346 3933 1498 4012 poterant

273 4031 404 4114 linguae
419 4032 540 4096 latinae
555 4032 709 4114 punicam
732 4039 765 4096 61
780 4033 931 4114 graecam
946 4033 1184 4115 praeferebant,
1208 4053 1346 4115 quarum
1359 4036 1497 4112 utraque

274 4134 438 4217 plerisque
459 4135 580 4198 usitata
602 4132 770 4216 literisque
801 4135 943 4199 habilior
969 4141 1039 4199 erat
1066 4157 1165 4218 quam
1186 4135 1372 4200 horridulus
1394 4154 1498 4197 sermo

365 4357 386 4426 1)
405 4357 439 4410 61.
453 4356 511 4409 Cic.
528 4354 563 4408 de
581 4354 648 4421 imp.
669 4353 718 4406 Gn.
732 4353 831 4421 Pomp.
846 4372 869 4407 6.
884 4355 929 4421 12;
948 4354 1010 4407 Tac.
1025 4373 1088 4407 ann.
1104 4355 1143 4419 12,
1164 4357 1209 4421 43;
1229 4353 1301 4406 Plin.
1315 4371 1341 4406 n.
1356 4353 1382 4409 h.
1397 4355 1437 4419 17,
1453 4355 1484 4406 13
1490 4374 1496 4422 ;

277 4443 601 4507 11611.1’116611.14,15,3
620 4441 695 4494 unde
713 4445 834 4509 apparet
853 4444 938 4508 caput
955 4443 997 4494 rei
1016 4441 1220 4494 frumentariae
1232 4440 1305 4493 hanc
1322 4439 1498 4507 provinciam

277 4527 415 4583 Romanis
434 4528 585 4581 exstitisse.

1331 4629 1344 4683 1
