3382 5152
857 374 897 434 52

268 577 418 643 adoravit
446 575 574 662 plebem
602 576 742 642 filiorum
763 576 887 643 Heth.“
909 576 1008 661 Vulg.
1031 597 1138 661 genes.
1160 579 1216 658 23,
1248 579 1287 640 12
1317 575 1485 657 „adoravit

268 680 440 746 Abraham
463 701 571 745 coram
592 681 712 766 populo
732 686 839 746 terrae
855 687 888 746 et
902 679 1028 746 locutus
1043 685 1124 762 est“‚
1147 679 1203 746 sed
1218 681 1252 744 in
1267 678 1486 765 Septuaginta

267 805 327 870 pro
349 783 413 849 hoo
434 783 533 848 verbo
557 789 606 848 est
629 785 824 869 προςιυνεῖν.
846 821 889 830 -

352 885 495 973 Operam
523 885 613 967 dedi,
642 890 680 950 ut
701 885 867 951 hominum
889 886 1056 950 doctorum
1080 887 1258 952 sentensias
1281 885 1321 950 de
1343 885 1486 972 Apuleio

267 990 485 1055 examinarem
507 995 539 1054 et
561 990 668 1074 quoad
691 990 759 1054 eius
778 988 848 1054 fieri
871 995 980 1074 posset
1001 989 1121 1053 iudicia
1146 1011 1257 1055 eornm
1280 990 1484 1073 corrigerem.

267 1197 490 1282 pervulgatam
524 1196 708 1279 opinionem
742 1194 781 1258 de
815 1201 1014 1260 vetustorum
1044 1195 1274 1260 vocabulorum
1303 1217 1364 1260 usu
1395 1195 1486 1280 apud

267 1301 457 1386 scriptorem
485 1297 673 1364 adhiberem
701 1319 804 1363 meum
834 1298 997 1364 iudicium.
1042 1318 1182 1383 namque
1206 1299 1252 1364 sic
1274 1298 1422 1363 solebant
1443 1296 1484 1362 de

267 1403 409 1488 Apuleio
437 1403 572 1482 sentire,
601 1407 638 1466 ut
666 1401 799 1466 exoletis
826 1402 992 1467 vocabulis
1017 1401 1426 1487 locutionibusque’ferme
1447 1408 1486 1466 ut

265 1508 433 1593 pigmento
462 1505 602 1591 quodam
625 1505 803 1568 orationem
824 1504 1000 1570 insolenter
1022 1525 1095 1569 eum
1117 1505 1310 1570 infucavisse
1332 1511 1486 1590 putarent

268 1632 341 1674 oum
361 1609 529 1673 Frontone
559 1629 631 1672 eum
659 1613 893 1694 comparantes.
939 1627 1038 1692 quom
1064 1608 1328 1672 consuetudinem
1356 1609 1403 1673 sic
1425 1631 1486 1692 ego
1554 1633 1559 1643 ·

267 1734 339 1778 sum
374 1718 509 1777 conatus
537 1711 717 1791 illustrare,
747 1715 785 1774 ut
814 1711 951 1775 aliorum
981 1712 1173 1796 scriptorum
1204 1710 1346 1796 Apuleio
1377 1718 1486 1777 aetate

268 1815 318 1880 vel
348 1814 532 1900 aequalium
554 1812 605 1879 vel
632 1813 835 1895 inferiorum,
864 1834 943 1898 prae
965 1814 1080 1878 ceteris
1101 1813 1274 1896 Afrorum,
1306 1815 1403 1879 simili
1424 1835 1487 1880 usu

269 1919 437 2004 proposito
470 1917 611 2003 plurima
640 1939 704 1981 non
735 1917 863 1982 exoleta
890 1915 947 1980 sed
974 1916 1070 1999 vulgo
1093 1917 1172 1981 trita
1199 1917 1297 1982 fuisse
1325 1917 1485 2000 docerem,

268 2041 374 2106 pauca
397 2020 439 2085 ab
463 2018 699 2103 exemplaribus
720 2019 894 2084 latinitatis
909 2019 1094 2084 vetustioris
1110 2039 1166 2084 scu
1182 2020 1329 2085 consulto
1344 2021 1487 2106 repetita

268 2143 338 2189 esse
366 2145 423 2188 seu
449 2123 517 2187 sine
548 2123 658 2208 aliquo
686 2128 774 2188 certo
806 2122 940 2187 consilio
968 2122 1043 2188 inde
1071 2121 1202 2186 fluxisse
1231 2144 1294 2187 non
1322 2145 1486 2207 negarem.

267 2228 407 2292 omnium
439 2225 632 2312 scriptorum
658 2226 763 2306 locos,
795 2246 876 2312 quos
898 2225 1086 2306 memoravi,
1118 2227 1187 2311 ipse
1216 2227 1341 2312 inspexi
1364 2247 1485 2290 omnes.

268 2333 423 2413 quantum
447 2327 581 2394 debeam
608 2329 719 2394 lexicis
748 2334 780 2394 et
801 2327 961 2392 indicibus
985 2328 1230 2410 vocabulorum,
1259 2350 1340 2415 quos
1362 2329 1488 2394 addunt

267 2432 461 2516 scriptorum
484 2432 689 2513 editionibus,
713 2451 797 2516 quae
819 2431 1023 2517 repetiverim
1045 2453 1084 2496 ex
1106 2430 1198 2495 libris
1221 2431 1487 2512 Krctsohmanni,

266 2535 455 2617 Roenschii,
488 2535 606 2616 Nouoi,
635 2534 812 2615 Pauokeri‚
843 2535 898 2620 qui
920 2535 1106 2600 adiumento
1127 2535 1207 2598 mihi
1228 2533 1373 2600 fuerunt:
1404 2555 1489 2620 quae

267 2638 335 2723 ipse
356 2638 442 2702 inter
463 2637 634 2720 legendum
657 2639 927 2722 congregaverim,
955 2659 1052 2724 quam
1074 2659 1138 2702 non
1161 2638 1359 2724 pepercerim
1381 2637 1488 2702 labori

266 2745 353 2805 recte
375 2763 440 2804 non
463 2740 621 2805 iudicabis
647 2741 711 2805 nisi
733 2741 875 2824 singulos
896 2741 985 2806 locos
1013 2741 1171 2822 cumbis,
1203 2762 1286 2826 quae
1309 2742 1487 2805 memoravi

269 2842 419 2908 subsidiis
443 2849 593 2908 accurate
616 2844 798 2908 contuleris.
815 2882 859 2891 -
881 2849 1009 2908 tantum
1031 2850 1089 2908 est.
1127 2844 1238 2908 emitto
1253 2843 1397 2909 libellum
1420 2865 1488 2907 non

269 2944 399 3032 quidem
422 2946 613 3032 perfectum,
642 2968 737 3032 quem
765 2953 875 3012 tamen
900 2967 994 3031 spero
1020 2967 1083 3011 non
1107 2945 1177 3012 fore
1204 2947 1301 3031 plano
1327 2929 1487 3011 inutilem.
