<?xml version="1.0" encoding="UTF-8"?>
<!DOCTYPE html PUBLIC "-//W3C//DTD XHTML 1.0 Transitional//EN"
    "http://www.w3.org/TR/xhtml1/DTD/xhtml1-transitional.dtd">
<html xmlns="http://www.w3.org/1999/xhtml" xml:lang="en" lang="en">
 <head>
  <title>
</title>
<meta http-equiv="Content-Type" content="text/html;charset=utf-8" />
  <meta name='ocr-system' content='tesseract 3.04.00' />
  <meta name='ocr-capabilities' content='ocr_page ocr_carea ocr_par ocr_line ocrx_word'/>
</head>
<body>
  <div class='ocr_page' id='page_1' title='image "./curaeapuleianae00piecgoog_0060.png"; bbox 0 0 3382 5152; ppageno 0'>
   <div class='ocr_carea' id='block_1_1' title="bbox 642 1058 1014 1181">
    <p class='ocr_par' dir='ltr' id='par_1_1' title="bbox 642 1058 1014 1181">
     <span class='ocr_line' id='line_1_1' title="bbox 642 1058 1014 1181; baseline 0 -4"><span class='ocrx_word' id='word_1_1' title='bbox 642 1058 1014 1181; x_wconf 82' lang='lat' dir='ltr'>THESES</span> 
     </span>
    </p>
   </div>
   <div class='ocr_carea' id='block_1_2' title="bbox 194 1499 1435 2306">
    <p class='ocr_par' dir='ltr' id='par_1_2' title="bbox 253 1499 1435 1707">
     <span class='ocr_line' id='line_1_2' title="bbox 253 1499 1434 1588; baseline 0.001 -22"><span class='ocrx_word' id='word_1_2' title='bbox 253 1506 280 1566; x_wconf 90' lang='lat'><strong>1.</strong></span> <span class='ocrx_word' id='word_1_3' title='bbox 302 1501 523 1584; x_wconf 82' lang='lat' dir='ltr'><strong>Argumenta,</strong></span> <span class='ocrx_word' id='word_1_4' title='bbox 561 1499 677 1582; x_wconf 92' lang='lat' dir='ltr'>quibus</span> <span class='ocrx_word' id='word_1_5' title='bbox 716 1501 880 1567; x_wconf 90' lang='lat' dir='ltr'><strong>Henricus</strong></span> <span class='ocrx_word' id='word_1_6' title='bbox 914 1500 1040 1566; x_wconf 81' lang='lat' dir='ltr'><strong>Becker</strong></span> <span class='ocrx_word' id='word_1_7' title='bbox 1079 1501 1202 1588; x_wconf 89' lang='lat' dir='ltr'><strong>(studia</strong></span> <span class='ocrx_word' id='word_1_8' title='bbox 1238 1502 1434 1586; x_wconf 74' lang='lat' dir='ltr'>Apuleiana.</span> 
     </span>
     <span class='ocr_line' id='line_1_3' title="bbox 303 1621 1435 1707; baseline 0 -21"><span class='ocrx_word' id='word_1_9' title='bbox 303 1622 411 1686; x_wconf 92' lang='lat' dir='ltr'><strong>Berol.</strong></span> <span class='ocrx_word' id='word_1_10' title='bbox 436 1623 517 1684; x_wconf 86' lang='grc'>1879</span> <span class='ocrx_word' id='word_1_11' title='bbox 544 1641 576 1704; x_wconf 91' lang='lat' dir='ltr'><strong>p.</strong></span> <span class='ocrx_word' id='word_1_12' title='bbox 600 1621 750 1707; x_wconf 79' lang='lat'>54-92)</span> <span class='ocrx_word' id='word_1_13' title='bbox 778 1621 1047 1687; x_wconf 79' lang='lat' dir='ltr'>demonstravisse</span> <span class='ocrx_word' id='word_1_14' title='bbox 1076 1622 1138 1687; x_wconf 88' lang='lat' dir='ltr'>sibi</span> <span class='ocrx_word' id='word_1_15' title='bbox 1163 1623 1249 1687; x_wconf 89' lang='lat' dir='ltr'>visus</span> <span class='ocrx_word' id='word_1_16' title='bbox 1279 1631 1329 1688; x_wconf 82' lang='lat' dir='ltr'><strong>est</strong></span> <span class='ocrx_word' id='word_1_17' title='bbox 1359 1623 1435 1688; x_wconf 85' lang='lat' dir='ltr'>libri</span> 
     </span>
    </p>

    <p class='ocr_par' dir='ltr' id='par_1_3' title="bbox 194 1734 1432 1954">
     <span class='ocr_line' id='line_1_4' title="bbox 194 1734 1432 1827; baseline 0.004 -24"><span class='ocrx_word' id='word_1_18' title='bbox 194 1734 198 1740; x_wconf 78' lang='grc'>’</span> <span class='ocrx_word' id='word_1_19' title='bbox 233 1781 235 1788; x_wconf 34' lang='grc' dir='ltr'><strong><em>ι</em></strong></span> <span class='ocrx_word' id='word_1_20' title='bbox 304 1739 380 1827; x_wconf 81' lang='grc' dir='ltr'><em>περὶ</em></span> <span class='ocrx_word' id='word_1_21' title='bbox 404 1736 526 1822; x_wconf 79' lang='grc' dir='ltr'><em>κόσμου</em></span> <span class='ocrx_word' id='word_1_22' title='bbox 561 1742 739 1806; x_wconf 82' lang='lat' dir='ltr'>versionem</span> <span class='ocrx_word' id='word_1_23' title='bbox 772 1743 909 1807; x_wconf 87' lang='lat' dir='ltr'><strong>latinam</strong></span> <span class='ocrx_word' id='word_1_24' title='bbox 937 1743 1018 1807; x_wconf 88' lang='lat' dir='ltr'><strong>falso</strong></span> <span class='ocrx_word' id='word_1_25' title='bbox 1053 1743 1160 1808; x_wconf 90' lang='lat' dir='ltr'><strong>adhuc</strong></span> <span class='ocrx_word' id='word_1_26' title='bbox 1189 1743 1332 1827; x_wconf 91' lang='lat' dir='ltr'><strong>Apuleio</strong></span> <span class='ocrx_word' id='word_1_27' title='bbox 1362 1744 1432 1808; x_wconf 85' lang='lat' dir='ltr'><strong>Ma-</strong></span> 
     </span>
     <span class='ocr_line' id='line_1_5' title="bbox 301 1860 1125 1954; baseline 0.002 -30"><span class='ocrx_word' id='word_1_28' title='bbox 301 1861 453 1926; x_wconf 89' lang='lat' dir='ltr'><strong>daurensi</strong></span> <span class='ocrx_word' id='word_1_29' title='bbox 475 1860 670 1925; x_wconf 78' lang='lat' dir='ltr'><strong>attributam</strong></span> <span class='ocrx_word' id='word_1_30' title='bbox 692 1883 770 1944; x_wconf 87' lang='lat' dir='ltr'>esse,</span> <span class='ocrx_word' id='word_1_31' title='bbox 793 1863 886 1928; x_wconf 91' lang='lat' dir='ltr'>nihili</span> <span class='ocrx_word' id='word_1_32' title='bbox 909 1870 984 1928; x_wconf 91' lang='lat' dir='ltr'><strong>sunt</strong></span> <span class='ocrx_word' id='word_1_33' title='bbox 1007 1864 1125 1954; x_wconf 89' lang='lat' dir='ltr'><strong>omnia.</strong></span> 
     </span>
    </p>

    <p class='ocr_par' dir='ltr' id='par_1_4' title="bbox 251 1980 1434 2306">
     <span class='ocr_line' id='line_1_6' title="bbox 251 1980 1434 2068; baseline 0 -23"><span class='ocrx_word' id='word_1_34' title='bbox 251 1986 281 2045; x_wconf 80' lang='lat'><strong>2.</strong></span> <span class='ocrx_word' id='word_1_35' title='bbox 303 1981 427 2045; x_wconf 81' lang='lat' dir='ltr'><strong>Errant</strong></span> <span class='ocrx_word' id='word_1_36' title='bbox 454 2001 525 2044; x_wconf 92' lang='lat' dir='ltr'><strong>oum</strong></span> <span class='ocrx_word' id='word_1_37' title='bbox 552 1980 691 2047; x_wconf 86' lang='lat' dir='ltr'><strong>Platone</strong></span> <span class='ocrx_word' id='word_1_38' title='bbox 726 1982 876 2067; x_wconf 80' lang='lat' dir='ltr'><strong>(Theaet.</strong></span> <span class='ocrx_word' id='word_1_39' title='bbox 912 2006 942 2067; x_wconf 94' lang='lat' dir='ltr'><strong>p.</strong></span> <span class='ocrx_word' id='word_1_40' title='bbox 975 1987 1035 2046; x_wconf 78' lang='lat'><strong>152</strong></span> <span class='ocrx_word' id='word_1_41' title='bbox 1066 1983 1113 2068; x_wconf 83' lang='lat' dir='ltr'><strong>D)</strong></span> <span class='ocrx_word' id='word_1_42' title='bbox 1145 1984 1200 2064; x_wconf 91' lang='lat' dir='ltr'><strong>qui</strong></span> <span class='ocrx_word' id='word_1_43' title='bbox 1231 1983 1434 2066; x_wconf 85' lang='lat' dir='ltr'><strong>Protagorae</strong></span> 
     </span>
     <span class='ocr_line' id='line_1_7' title="bbox 302 2100 1434 2185; baseline 0.001 -21"><span class='ocrx_word' id='word_1_44' title='bbox 302 2100 484 2166; x_wconf 81' lang='lat' dir='ltr'><strong>doctrinam</strong></span> <span class='ocrx_word' id='word_1_45' title='bbox 506 2102 547 2167; x_wconf 94' lang='lat' dir='ltr'><strong>de</strong></span> <span class='ocrx_word' id='word_1_46' title='bbox 563 2103 708 2166; x_wconf 87' lang='lat' dir='ltr'>sensibus</span> <span class='ocrx_word' id='word_1_47' title='bbox 732 2109 829 2185; x_wconf 88' lang='lat' dir='ltr'><strong>atque</strong></span> <span class='ocrx_word' id='word_1_48' title='bbox 851 2102 892 2166; x_wconf 92' lang='lat' dir='ltr'><strong>de</strong></span> <span class='ocrx_word' id='word_1_49' title='bbox 914 2102 1074 2166; x_wconf 81' lang='lat' dir='ltr'><strong>sentiendi</strong></span> <span class='ocrx_word' id='word_1_50' title='bbox 1095 2103 1221 2167; x_wconf 90' lang='lat' dir='ltr'><strong>ratione</strong></span> <span class='ocrx_word' id='word_1_51' title='bbox 1244 2101 1434 2185; x_wconf 80' lang='lat' dir='ltr'><strong>err-placitis</strong></span> 
     </span>
     <span class='ocr_line' id='line_1_8' title="bbox 301 2220 1430 2306; baseline 0.003 -22"><span class='ocrx_word' id='word_1_52' title='bbox 301 2220 462 2286; x_wconf 84' lang='lat' dir='ltr'><strong>Heracliti</strong></span> <span class='ocrx_word' id='word_1_53' title='bbox 484 2222 524 2286; x_wconf 89' lang='lat' dir='ltr'><strong>de</strong></span> <span class='ocrx_word' id='word_1_54' title='bbox 540 2229 697 2306; x_wconf 90' lang='lat' dir='ltr'><strong>perpetua</strong></span> <span class='ocrx_word' id='word_1_55' title='bbox 712 2224 853 2287; x_wconf 88' lang='lat' dir='ltr'><strong>motione</strong></span> <span class='ocrx_word' id='word_1_56' title='bbox 869 2228 901 2286; x_wconf 90' lang='lat' dir='ltr'><strong>et</strong></span> <span class='ocrx_word' id='word_1_57' title='bbox 916 2225 1095 2288; x_wconf 85' lang='lat' dir='ltr'><strong>mutatione</strong></span> <span class='ocrx_word' id='word_1_58' title='bbox 1111 2224 1268 2288; x_wconf 87' lang='lat' dir='ltr'><strong>materiae</strong></span> <span class='ocrx_word' id='word_1_59' title='bbox 1290 2223 1430 2306; x_wconf 89' lang='lat' dir='ltr'><strong>pendere</strong></span> 
     </span>
    </p>
   </div>
   <div class='ocr_carea' id='block_1_3' title="bbox 248 2343 1430 2549">
    <p class='ocr_par' dir='ltr' id='par_1_5' title="bbox 248 2343 1430 2549">
     <span class='ocr_line' id='line_1_9' title="bbox 303 2343 512 2407; baseline -0.005 0"><span class='ocrx_word' id='word_1_60' title='bbox 303 2343 512 2407; x_wconf 89' lang='lat' dir='ltr'><strong>contendunt.</strong></span> 
     </span>
     <span class='ocr_line' id='line_1_10' title="bbox 248 2442 1430 2549; baseline 0 -23"><span class='ocrx_word' id='word_1_61' title='bbox 248 2468 278 2527; x_wconf 89' lang='lat'><strong>3.</strong></span> <span class='ocrx_word' id='word_1_62' title='bbox 301 2465 485 2546; x_wconf 81' lang='lat' dir='ltr'><strong>Imperator</strong></span> <span class='ocrx_word' id='word_1_63' title='bbox 511 2463 556 2528; x_wconf 91' lang='lat' dir='ltr'><strong>M.</strong></span> <span class='ocrx_word' id='word_1_64' title='bbox 583 2442 770 2526; x_wconf 79' lang='lat' dir='ltr'>Antoninus</span> <span class='ocrx_word' id='word_1_65' title='bbox 804 2462 847 2527; x_wconf 91' lang='lat' dir='ltr'><strong>ad</strong></span> <span class='ocrx_word' id='word_1_66' title='bbox 881 2484 914 2527; x_wconf 88' lang='lat' dir='ltr'>se</span> <span class='ocrx_word' id='word_1_67' title='bbox 949 2463 1055 2547; x_wconf 89' lang='lat' dir='ltr'>ipsum</span> <span class='ocrx_word' id='word_1_68' title='bbox 1080 2461 1136 2526; x_wconf 87' lang='lat' dir='ltr'>lib.</span> <span class='ocrx_word' id='word_1_69' title='bbox 1167 2461 1236 2531; x_wconf 90' lang='lat' dir='ltr'><strong>VII</strong></span> <span class='ocrx_word' id='word_1_70' title='bbox 1264 2461 1283 2549; x_wconf 66' lang='grc' dir='ltr'>ξ</span> <span class='ocrx_word' id='word_1_71' title='bbox 1313 2467 1352 2526; x_wconf 89' lang='grc'><strong>31</strong></span> <span class='ocrx_word' id='word_1_72' title='bbox 1384 2464 1430 2526; x_wconf 88' lang='lat' dir='ltr'><strong>sio</strong></span> 
     </span>
    </p>
   </div>
   <div class='ocr_carea' id='block_1_4' title="bbox 192 2580 1433 3630">
    <p class='ocr_par' dir='ltr' id='par_1_6' title="bbox 301 2580 1432 2667">
     <span class='ocr_line' id='line_1_11' title="bbox 301 2580 1432 2667; baseline 0.001 -20"><span class='ocrx_word' id='word_1_73' title='bbox 301 2583 429 2648; x_wconf 86' lang='lat' dir='ltr'><strong>videtur</strong></span> <span class='ocrx_word' id='word_1_74' title='bbox 465 2584 645 2667; x_wconf 79' lang='lat' dir='ltr'>scripsisse:</span> <span class='ocrx_word' id='word_1_75' title='bbox 688 2581 819 2662; x_wconf 55' lang='lat' dir='ltr'><strong>‚ardna</strong></span> <span class='ocrx_word' id='word_1_76' title='bbox 855 2580 997 2666; x_wconf 84' lang='grc' dir='ltr'><strong><em>νομιστί,</em></strong></span> <span class='ocrx_word' id='word_1_77' title='bbox 1038 2581 1129 2646; x_wconf 81' lang='grc' dir='ltr'><strong><em>ἐπεὶ</em></strong></span> <span class='ocrx_word' id='word_1_78' title='bbox 1167 2581 1352 2664; x_wconf 81' lang='grc' dir='ltr'><em>δαιμόνια</em></span> <span class='ocrx_word' id='word_1_79' title='bbox 1389 2581 1432 2648; x_wconf 83' lang='grc' dir='ltr'><strong>τὰ</strong></span> 
     </span>
    </p>

    <p class='ocr_par' dir='ltr' id='par_1_7' title="bbox 192 2697 1431 2910">
     <span class='ocr_line' id='line_1_12' title="bbox 192 2697 1431 2790; baseline 0.001 -24"><span class='ocrx_word' id='word_1_80' title='bbox 192 2735 197 2746; x_wconf 88' lang='grc'>·</span> <span class='ocrx_word' id='word_1_81' title='bbox 301 2706 456 2784; x_wconf 84' lang='grc' dir='ltr'><em>στοιχεῖα·</em></span> <span class='ocrx_word' id='word_1_82' title='bbox 492 2697 582 2789; x_wconf 81' lang='grc' dir='ltr'><em>ἀρκεῖ</em></span> <span class='ocrx_word' id='word_1_83' title='bbox 615 2700 651 2767; x_wconf 76' lang='grc' dir='ltr'><strong>δὲ</strong></span> <span class='ocrx_word' id='word_1_84' title='bbox 677 2706 875 2790; x_wconf 75' lang='grc' dir='ltr'><em>μεμνῆσθαι,</em></span> <span class='ocrx_word' id='word_1_85' title='bbox 909 2701 961 2768; x_wconf 80' lang='grc' dir='ltr'><strong>ὅτι</strong></span> <span class='ocrx_word' id='word_1_86' title='bbox 990 2701 1033 2768; x_wconf 82' lang='grc' dir='ltr'><strong>τὰ</strong></span> <span class='ocrx_word' id='word_1_87' title='bbox 1062 2700 1172 2767; x_wconf 79' lang='grc' dir='ltr'><strong><em>πάντα</em></strong></span> <span class='ocrx_word' id='word_1_88' title='bbox 1201 2701 1328 2785; x_wconf 67' lang='lat' dir='ltr'><strong>reatori</strong></span> <span class='ocrx_word' id='word_1_89' title='bbox 1357 2697 1431 2783; x_wconf 73' lang='grc' dir='ltr'><em>ἔχει,</em></span> 
     </span>
     <span class='ocr_line' id='line_1_13' title="bbox 300 2817 637 2910; baseline 0 -22"><span class='ocrx_word' id='word_1_90' title='bbox 300 2821 394 2910; x_wconf 79' lang='grc' dir='ltr'><strong>μηδὲ</strong></span> <span class='ocrx_word' id='word_1_91' title='bbox 422 2819 493 2887; x_wconf 82' lang='grc' dir='ltr'><strong><em>λίαν</em></strong></span> <span class='ocrx_word' id='word_1_92' title='bbox 515 2817 637 2908; x_wconf 75' lang='lat' dir='ltr'><strong>duya.“</strong></span> 
     </span>
    </p>

    <p class='ocr_par' dir='ltr' id='par_1_8' title="bbox 246 2942 1431 3266">
     <span class='ocr_line' id='line_1_14' title="bbox 246 2942 1430 3027; baseline -0.001 -20"><span class='ocrx_word' id='word_1_93' title='bbox 246 2947 277 3007; x_wconf 85' lang='lat'><strong>4.</strong></span> <span class='ocrx_word' id='word_1_94' title='bbox 301 2944 403 3027; x_wconf 87' lang='lat' dir='ltr'><strong>Apud</strong></span> <span class='ocrx_word' id='word_1_95' title='bbox 429 2944 585 3010; x_wconf 84' lang='lat' dir='ltr'><strong>Senecam</strong></span> <span class='ocrx_word' id='word_1_96' title='bbox 605 2950 731 3027; x_wconf 85' lang='lat' dir='ltr'><strong>quaest.</strong></span> <span class='ocrx_word' id='word_1_97' title='bbox 754 2950 820 3008; x_wconf 86' lang='lat' dir='ltr'><strong>nat.</strong></span> <span class='ocrx_word' id='word_1_98' title='bbox 844 2943 897 3024; x_wconf 90' lang='lat' dir='ltr'><strong>II,</strong></span> <span class='ocrx_word' id='word_1_99' title='bbox 922 2948 978 3025; x_wconf 75' lang='grc'><strong>27,</strong></span> <span class='ocrx_word' id='word_1_100' title='bbox 1007 2947 1025 3006; x_wconf 87' lang='grc'>3</span> <span class='ocrx_word' id='word_1_101' title='bbox 1054 2943 1160 3026; x_wconf 78' lang='lat' dir='ltr'><strong>legas:</strong></span> <span class='ocrx_word' id='word_1_102' title='bbox 1191 2942 1300 3023; x_wconf 84' lang='lat' dir='ltr'><strong>„aliud</strong></span> <span class='ocrx_word' id='word_1_103' title='bbox 1330 2963 1430 3024; x_wconf 89' lang='lat' dir='ltr'><strong>genus</strong></span> 
     </span>
     <span class='ocr_line' id='line_1_15' title="bbox 301 3062 1431 3148; baseline -0.003 -19"><span class='ocrx_word' id='word_1_104' title='bbox 301 3071 350 3129; x_wconf 89' lang='lat' dir='ltr'><strong>est</strong></span> <span class='ocrx_word' id='word_1_105' title='bbox 389 3086 463 3130; x_wconf 89' lang='lat' dir='ltr'><strong>acre</strong></span> <span class='ocrx_word' id='word_1_106' title='bbox 503 3065 590 3148; x_wconf 90' lang='lat' dir='ltr'><strong>quod</strong></span> <span class='ocrx_word' id='word_1_107' title='bbox 630 3064 783 3128; x_wconf 90' lang='lat' dir='ltr'><strong>acerbum</strong></span> <span class='ocrx_word' id='word_1_108' title='bbox 822 3085 914 3148; x_wconf 87' lang='lat' dir='ltr'><strong>mage</strong></span> <span class='ocrx_word' id='word_1_109' title='bbox 954 3062 1090 3129; x_wconf 86' lang='lat' dir='ltr'><strong>dixerim</strong></span> <span class='ocrx_word' id='word_1_110' title='bbox 1131 3085 1229 3147; x_wconf 90' lang='lat' dir='ltr'><strong>quam</strong></span> <span class='ocrx_word' id='word_1_111' title='bbox 1269 3084 1431 3146; x_wconf 76' lang='lat' dir='ltr'><strong>sonorum,</strong></span> 
     </span>
     <span class='ocr_line' id='line_1_16' title="bbox 302 3184 956 3266; baseline 0 -18"><span class='ocrx_word' id='word_1_112' title='bbox 302 3186 430 3266; x_wconf 90' lang='lat' dir='ltr'><strong>qualem</strong></span> <span class='ocrx_word' id='word_1_113' title='bbox 451 3184 564 3250; x_wconf 91' lang='lat' dir='ltr'><strong>audire</strong></span> <span class='ocrx_word' id='word_1_114' title='bbox 586 3203 691 3252; x_wconf 82' lang='lat' dir='ltr'><strong>sonum</strong></span> <span class='ocrx_word' id='word_1_115' title='bbox 715 3184 853 3248; x_wconf 88' lang='lat' dir='ltr'>solemus</span> <span class='ocrx_word' id='word_1_116' title='bbox 875 3191 956 3249; x_wconf 86' lang='lat' dir='ltr'><strong>cet.“</strong></span> 
     </span>
    </p>

    <p class='ocr_par' dir='ltr' id='par_1_9' title="bbox 247 3302 1433 3630">
     <span class='ocr_line' id='line_1_17' title="bbox 247 3302 1433 3388; baseline -0.003 -21"><span class='ocrx_word' id='word_1_117' title='bbox 247 3308 275 3367; x_wconf 88' lang='lat'><strong>5.</strong></span> <span class='ocrx_word' id='word_1_118' title='bbox 299 3303 484 3368; x_wconf 89' lang='lat' dir='ltr'><strong>Ammianei</strong></span> <span class='ocrx_word' id='word_1_119' title='bbox 505 3305 623 3369; x_wconf 91' lang='lat' dir='ltr'>codicis</span> <span class='ocrx_word' id='word_1_120' title='bbox 645 3305 677 3371; x_wconf 96' lang='lat' dir='ltr'><strong>V</strong></span> <span class='ocrx_word' id='word_1_121' title='bbox 699 3304 755 3369; x_wconf 90' lang='lat' dir='ltr'>lib.</span> <span class='ocrx_word' id='word_1_122' title='bbox 779 3304 850 3372; x_wconf 90' lang='lat' dir='ltr'><strong>XV</strong></span> <span class='ocrx_word' id='word_1_123' title='bbox 872 3325 898 3367; x_wconf 89' lang='lat' dir='ltr'><strong>c.</strong></span> <span class='ocrx_word' id='word_1_124' title='bbox 921 3306 943 3366; x_wconf 87' lang='grc'>4</span> <span class='ocrx_word' id='word_1_125' title='bbox 965 3304 1010 3388; x_wconf 92' lang='lat' dir='ltr'><strong>(p.</strong></span> <span class='ocrx_word' id='word_1_126' title='bbox 1034 3308 1096 3367; x_wconf 78' lang='lat'><strong>329</strong></span> <span class='ocrx_word' id='word_1_127' title='bbox 1119 3302 1168 3367; x_wconf 92' lang='lat' dir='ltr'><strong>ed.</strong></span> <span class='ocrx_word' id='word_1_128' title='bbox 1188 3302 1363 3386; x_wconf 81' lang='lat' dir='ltr'>Eyssenh.)</span> <span class='ocrx_word' id='word_1_129' title='bbox 1385 3303 1433 3365; x_wconf 94' lang='lat' dir='ltr'>in·</span> 
     </span>
     <span class='ocr_line' id='line_1_18' title="bbox 301 3422 1432 3508; baseline -0.003 -20"><span class='ocrx_word' id='word_1_130' title='bbox 301 3430 395 3508; x_wconf 86' lang='lat' dir='ltr'><strong>tegra</strong></span> <span class='ocrx_word' id='word_1_131' title='bbox 426 3431 476 3489; x_wconf 89' lang='lat' dir='ltr'><strong>est</strong></span> <span class='ocrx_word' id='word_1_132' title='bbox 507 3425 603 3489; x_wconf 89' lang='lat' dir='ltr'><strong>lectio</strong></span> <span class='ocrx_word' id='word_1_133' title='bbox 640 3430 694 3505; x_wconf 87' lang='lat' dir='ltr'><strong>„at</strong></span> <span class='ocrx_word' id='word_1_134' title='bbox 728 3425 762 3488; x_wconf 94' lang='lat' dir='ltr'>in</span> <span class='ocrx_word' id='word_1_135' title='bbox 796 3423 914 3490; x_wconf 81' lang='lat' dir='ltr'>Galliis</span> <span class='ocrx_word' id='word_1_136' title='bbox 945 3426 1094 3490; x_wconf 81' lang='lat' dir='ltr'><strong>fervorum</strong></span> <span class='ocrx_word' id='word_1_137' title='bbox 1129 3422 1213 3508; x_wconf 89' lang='lat' dir='ltr'><strong>(cod.</strong></span> <span class='ocrx_word' id='word_1_138' title='bbox 1244 3424 1432 3506; x_wconf 84' lang='lat' dir='ltr'><strong>neruorum)</strong></span> 
     </span>
     <span class='ocr_line' id='line_1_19' title="bbox 301 3543 1148 3630; baseline -0.004 -21"><span class='ocrx_word' id='word_1_139' title='bbox 301 3550 413 3610; x_wconf 86' lang='lat' dir='ltr'><strong>tenore</strong></span> <span class='ocrx_word' id='word_1_140' title='bbox 436 3545 611 3630; x_wconf 87' lang='lat' dir='ltr'><strong>gliscente“</strong></span> <span class='ocrx_word' id='word_1_141' title='bbox 635 3567 694 3610; x_wconf 91' lang='lat' dir='ltr'><strong>nec</strong></span> <span class='ocrx_word' id='word_1_142' title='bbox 715 3545 871 3609; x_wconf 85' lang='lat' dir='ltr'><strong>mutanda</strong></span> <span class='ocrx_word' id='word_1_143' title='bbox 893 3545 926 3608; x_wconf 95' lang='lat' dir='ltr'>in</span> <span class='ocrx_word' id='word_1_144' title='bbox 948 3543 1148 3608; x_wconf 90' lang='lat' dir='ltr'><strong>bellorum.</strong></span> 
     </span>
    </p>
   </div>
   <div class='ocr_carea' id='block_1_5' title="bbox 0 0 1697 5152">
    <p class='ocr_par' dir='ltr' id='par_1_10' title="bbox 0 0 1697 5152">
     <span class='ocr_line' id='line_1_20' title="bbox 0 0 1697 5152; baseline 0 0"><span class='ocrx_word' id='word_1_145' title='bbox 0 0 1697 5152; x_wconf 95' lang='lat' dir='ltr'><strong> </strong></span> 
     </span>
    </p>
   </div>
  </div>
 </body>
</html>
