3382 5152
895 295 911 352 7

289 498 346 562 sed
383 517 570 580 perversum
605 496 760 562 iudicium
798 495 838 559 de
875 494 1004 577 optimis
1038 493 1213 557 latinitatis
1247 490 1432 554 auctoribus
1463 489 1512 552 illi

288 600 452 666 faciebant
490 604 676 683 propterea,
718 597 805 680 quod
842 599 983 662 severius
1023 597 1150 660 dicendi
1194 615 1294 678 genus
1332 591 1511 674 elegantiae

290 703 523 768 Ciceronianae
539 723 643 785 neque
659 701 746 784 apud
762 701 844 766 alios
855 721 1008 764 revocare
1020 721 1124 780 neque
1135 699 1197 782 ipsi
1210 697 1337 780 assequi
1349 699 1510 779 poterant.

246 846 249 852 -
287 806 465 888 imperator
486 804 691 886 Hadrianus,
715 804 853 868 cuiusvis
876 802 1003 886 generis
1024 801 1131 866 laudis
1154 801 1250 865 homo
1274 799 1510 882 cupidissimus,

288 909 389 972 etiam
415 907 458 971 ad
485 908 653 972 literarum
681 907 824 972 studium
852 906 995 970 animum
1025 905 1174 969 advertit.
1220 903 1276 966 sed
1298 901 1419 984 optimo
1442 901 1511 963 iure

289 1010 522 1093 Bernhardyus
544 1010 565 1073 1.
589 1030 616 1073 1.
640 1011 685 1074 111
707 1009 747 1074 de
771 1030 808 1073 eo
830 1007 1001 1073 iudicarit:
1031 1013 1120 1087 „erst
1142 1007 1185 1069 im
1207 1004 1423 1068 kaiserlichen
1444 1008 1512 1066 amt
1582 996 1585 1004 ’

288 1113 417 1194 begann
431 1135 465 1176 er
478 1113 536 1178 das
559 1117 761 1178 versaeumte
781 1112 881 1176 latein
905 1109 1141 1175 aufzunehmen
1155 1108 1278 1194 (Spart.
1296 1107 1401 1172 Hadr.
1421 1111 1448 1187 1,
1466 1105 1510 1190 3).

288 1237 352 1280 was
382 1215 477 1280 dabei
503 1215 697 1280 herauskam
728 1235 828 1298 sagen
860 1214 912 1278 die
940 1213 1210 1294 denkwuerdigen
1244 1217 1358 1274 worte:
1392 1211 1512 1273 amavit

288 1325 457 1402 praeterea
480 1340 580 1402 genus
602 1323 766 1383 vestatum
789 1316 917 1382 dicendi
939 1320 1008 1398 sq.“
1052 1336 1190 1397 namque
1213 1314 1284 1379 fieri
1306 1335 1371 1377 non
1393 1313 1510 1396 potuit,

288 1427 326 1486 ut
339 1421 530 1486 Hadrianus
552 1426 619 1486 tam
643 1421 778 1486 diversis
799 1420 915 1486 studiis
936 1419 1095 1483 distentus
1111 1422 1144 1481 11
1158 1418 1252 1498 curie,
1276 1423 1396 1480 natura
1411 1421 1511 1499 atque

288 1525 397 1589 indole
419 1523 516 1588 homo
546 1524 653 1588 varius
685 1547 723 1589 ac
749 1525 841 1604 levis,
871 1523 962 1586 brevi
988 1527 1132 1604 tempore
1154 1521 1188 1584 in
1216 1521 1323 1584 studio
1342 1520 1511 1583 literarum

289 1627 332 1691 ad
346 1627 643 1710 praestantissimos
663 1629 837 1710 scriptores
853 1625 1021 1690 accederet
1036 1645 1155 1705 eosque
1170 1624 1363 1688 imitaretur.
1400 1623 1510 1703 itaque

287 1729 418 1793 minime
440 1729 623 1793 mirandum
646 1735 704 1811 est,
728 1729 815 1811 quod
838 1749 892 1792 eos
914 1727 1119 1810 potissimum
1141 1726 1241 1789 libros
1264 1726 1325 1789 sibi
1340 1725 1511 1807 exquisivit

288 1831 540 1914 adlegandum,
570 1853 707 1915 quorum
731 1832 835 1896 oratio
858 1830 1011 1895 incultior
1033 1829 1167 1912 propius
1191 1829 1360 1892 accederet
1381 1827 1424 1891 ad
1447 1848 1511 1890 ser-

286 1957 414 2000 monem
443 1936 617 2018 vulgarem.
671 1934 820 2002 Oiceroni
849 1934 948 2017 igitur
986 1932 1159 2012 Catonem,
1184 1931 1331 2014 Vergilio
1355 1930 1508 2009 Ennium,

289 2037 445 2104 Sallustio
468 2036 614 2103 (laelium
635 2039 792 2120 praetulit
815 2035 939 2121 (Spart.
963 2035 1068 2100 Hadr.
1094 2040 1143 2116 16,
1169 2034 1211 2118 1).
1252 2055 1377 2116 exque
1401 2039 1511 2097 autem

287 2143 467 2224 imperator
498 2140 649 2205 dictionis
679 2160 780 2223 genus
810 2140 917 2221 prisco
950 2138 1056 2202 colore
1085 2137 1265 2201 infucatum
1296 2137 1389 2219 quasi
1418 2157 1511 2218 prae-

288 2245 429 2308 scribere
466 2243 655 2323 videbatur,
698 2242 846 2306 celeriter
882 2242 977 2305 multi
1014 2241 1221 2320 exst'terunt,
1261 2240 1316 2320 qui
1353 2244 1510 2322 tanquam

287 2346 480 2428 magistrum
511 2368 583 2411 eum
610 2349 770 2410 sectantes
799 2344 917 2409 similia
943 2346 1134 2409 recinerent.
1178 2341 1263 2406 inter
1286 2363 1339 2406 eos
1361 2343 1510 2425 princeps

287 2446 428 2512 habetur
449 2449 494 2513 M.
519 2447 689 2513 Cornelius
711 2447 848 2527 Fronto,
872 2447 963 2512 cuius
986 2448 1090 2530 culpa,
1111 2450 1225 2528 utpote
1248 2445 1304 2527 qui
1321 2445 1404 2510 Afer
1427 2450 1512 2510 esset

289 2557 387 2634 atque
410 2551 556 2634 aequalis
574 2550 642 2615 fere
664 2549 801 2632 Apulei,
824 2551 962 2615 maxime
986 2550 1119 2629 accidit,
1143 2555 1180 2612 ut
1202 2549 1271 2631 ipse
1294 2548 1455 2631 Apuleius
1476 2549 1510 2611 in

287 2654 423 2718 eandem
446 2653 712 2718 consuetudinem
734 2653 858 2717 venisse
880 2659 1022 2736 putetur,
1045 2657 1179 2736 propter
1202 2672 1299 2732 quam
1314 2650 1370 2714 ille
1385 2651 1510 2714 Romae

287 2755 384 2826 homo
407 2756 610 2821 doctissimus
631 2755 806 2838 iudiciique
822 2756 957 2819 nimium
972 2751 1130 2839 quantum
1146 2753 1301 2836 elegantis
1317 2753 1509 2817 habebatur.

287 2861 343 2941 qui
366 2881 438 2924 oum
461 2861 490 2924 ei
506 2859 703 2940 contigisset,
726 2863 764 2921 ut
777 2859 843 2921 iam
859 2858 919 2922 sub
934 2858 1129 2940 imperatore
1145 2856 1317 2920 Hadriano
1333 2855 1509 2920 honoribus

288 2968 320 3026 11
348 2961 464 3044 opibus
493 2969 679 3042 ornaretur,
709 2959 973 3025 consuetudinem
1001 2960 1091 3024 illam
1120 2961 1289 3024 vetustatis
1319 2959 1508 3042 captandae,

287 3087 371 3149 quae
393 3070 463 3130 tum
483 3067 621 3129 maxime
636 3064 796 3148 placebat,
821 3084 857 3128 eo
875 3061 1036 3128 efficacius
1052 3063 1142 3126 iuvit.
1186 3062 1273 3126 facili
1289 3066 1396 3125 antem
1413 3082 1510 3143 opera

287 3168 484 3251 singularem
519 3169 552 3230 in
586 3189 624 3232 eo
658 3187 775 3250 genere
808 3166 975 3231 doctrinae
1007 3167 1113 3230 locum
1141 3164 1355 3248 provinciales
1385 3163 1510 3227 Romae

287 3271 492 3351 obtinebant,
522 3291 595 3335 cum
622 3270 656 3333 in
684 3271 858 3352 provinciis
887 3270 985 3334 etiam
1014 3273 1083 3332 tum
1113 3267 1305 3331 vetustiores
1335 3266 1509 3349 scriptores

285 3373 320 3438 in
354 3374 472 3439 scholis
498 3373 761 3458 tractarentur.¹)
805 3377 951 3436 attamen
985 3372 1054 3454 ipse
1081 3370 1205 3434 Fronto
1233 3369 1272 3432 de
1308 3391 1341 3454 se
1369 3374 1510 3434 testatur

287 3475 351 3560 (e'p.
374 3481 403 3559 2,
426 3480 447 3542 4
469 3499 500 3559 p.
525 3476 580 3562 54)
604 3475 742 3540 duorum
765 3480 797 3540 11
818 3475 934 3558 viginti
955 3495 1112 3538 annorum
1135 3479 1241 3538 aetate
1263 3472 1394 3537 vixdum
1417 3473 1510 3556 quid·

287 3601 385 3662 quam
408 3585 552 3644 veterum
574 3579 750 3644 lectionum
773 3600 806 3643 se
829 3579 1034 3644 addidicisse.
1073 3598 1170 3659 quam
1192 3575 1419 3641 difficultatem
1441 3597 1511 3640 rer-

286 3683 402 3747 borum
428 3682 517 3746 haud
545 3681 610 3746 scio
640 3702 682 3745 an
711 3703 837 3746 mecum
857 3683 905 3746 ita
926 3682 1005 3747 velis
1028 3681 1194 3764 expedire,
1221 3701 1261 3743 11
1284 3700 1356 3743 cum
1377 3680 1510 3762 reliquis

286 3791 441 3869 pugnent,
465 3805 548 3867 quae
570 3784 611 3848 de
631 3784 800 3848 literarum
817 3782 933 3850 studiis
947 3784 1114 3848 hominum
1128 3782 1372 3865 provincialium
1386 3782 1510 3845 tradita

286 3888 485 3971 accepimus,
516 3892 553 3951 ut
581 3887 780 3952 Frontonem
808 3889 873 3951 iam
899 3875 1036 3971 puerum
1063 3887 1203 3950 Romam
1230 3885 1509 3967 transmigravisse

288 3996 386 4073 atque
408 3991 454 4055 ibi
477 3991 639 4055 eruditum
662 4011 731 4054 esse
754 3995 858 4074 putes.
897 3990 1045 4057 sedtum
1073 3990 1124 4054 vel
1152 3988 1257 4052 minus
1279 4008 1352 4050 cum
1367 3987 1509 4070 Apuleio

287 4093 469 4176 comparari
511 4098 619 4176 potest
651 4099 861 4176 veterumque
892 4092 1107 4156 imitationem
1145 4089 1232 4173 apud
1272 4110 1344 4154 eum
1376 4108 1509 4171 prorsus

287 4195 498 4260 artificiosam
520 4194 620 4260 fuisse
641 4196 813 4261 manifesto
837 4200 981 4278 apparet.
1027 4195 1077 4258 sin
1098 4214 1173 4257 vero
1195 4193 1229 4256 in
1249 4191 1415 4274 provincia
1437 4211 1510 4254 11111

285 4299 389 4364 literis
412 4299 607 4363 instructum
629 4317 698 4362 1111
719 4303 828 4382 putas,
857 4297 971 4362 eodem
991 4297 1088 4361 modo
1110 4293 1329 4361 aestimandus
1352 4299 1415 4375 111,
1445 4313 1509 4376 quo

375 4518 603 4590 bmpfflm
