3438 5150
844 342 883 402 14

248 547 410 626 peterent,
438 542 489 607 vel
515 551 553 608 ut
580 544 780 627 singulorum
810 544 977 609 hominum
1005 541 1092 608 facta
1116 540 1165 608 vel
1188 541 1275 608 dicta
1298 539 1470 626 magnifica

248 647 462 725 celebrarent,
493 648 641 728 regiones
669 669 819 711 amoenas
849 648 897 710 vel
926 647 1102 711 artificiosa
1131 669 1231 729 opera
1259 647 1471 730 depingerent

248 749 299 812 vel
320 749 409 812 aliud
440 748 518 829 quid
547 745 733 829 laudarent,
764 750 852 832 quod
881 751 983 813 visum
1011 755 1095 813 esset
1123 748 1220 813 laude
1243 748 1385 830 dignum.
1431 771 1470 813 ex

247 857 391 934 tempore
404 871 499 934 saepe
510 851 704 916 disserentes
716 853 874 916 tumidam
883 853 1062 915 orationem
1071 853 1213 933 antiquis
1222 851 1469 936 locutionibus)

250 961 459 1036 veterumque
487 960 656 1035 poetarum
679 955 822 1019 versibus
854 955 926 1036 plus
954 955 1059 1018 minus
1089 953 1254 1018 commode
1281 953 1470 1017 infucabaut

247 1077 424 1137 vocumque
458 1057 668 1128 collocatione
705 1057 881 1121 artificiosa
922 1057 1179 1139 distinguebant,
1214 1063 1251 1120 ut
1283 1058 1468 1121 uuiversum

247 1158 308 1221 hoc
332 1158 536 1240 eloquentiae
559 1180 659 1241 genus
681 1161 713 1222 in
738 1160 988 1223 ostentationem
1009 1159 1225 1241 compositum
1247 1159 1346 1222 fuisse
1370 1160 1469 1222 mani·

248 1260 331 1323 festo
354 1265 520 1343 appareat.
567 1261 713 1325 nonnulli
742 1283 801 1344 per
830 1261 973 1344 singulas
1001 1261 1098 1325 urbes
1120 1267 1276 1343 vagantes
1306 1267 1476 1325 1111111111-

251 1360 378 1426 occa's'io
394 1362 573 1444 magnificis
588 1363 652 1426 illis
668 1357 956 1428 declamationibus
973 1365 1107 1428 eximiae
1124 1365 1327 1446 eloquentiae
1340 1365 1469 1428 laudem

250 1465 459 1547 quaerebant.
515 1465 630 1528 horum
659 1487 781 1530 morem
810 1473 954 1530 secutum
980 1486 1049 1529 esse
1082 1465 1259 1549 Apuleium
1288 1467 1321 1530 in
1353 1487 1470 1548 genere

248 1568 374 1631 dicendi
403 1566 658 1633 demonstrativo
688 1591 727 1632 ex
752 1569 940 1633 floridorum
970 1569 1115 1650 reliquiis
1145 1571 1223 1632 satis
1258 1574 1358 1652 patet.
1411 1570 1470 1633 tali

246 1671 346 1752 igitur
367 1671 570 1734 institutione
594 1671 649 1734 ille
672 1691 748 1734 usus
770 1678 820 1736 est
841 1678 1016 1753 antequam
1032 1671 1184 1734 Athenas
1200 1671 1408 1753 relinqueret,
1429 1676 1466 1734 ut

155 1803 156 1810 .
246 1773 280 1835 in
302 1773 428 1854 reliqua
452 1771 594 1837 Graecia
617 1780 650 1837 et
674 1775 707 1837 in
734 1774 817 1837 Asia
846 1773 1118 1856 peregrinaretur.
1164 1775 1197 1837 in
1220 1773 1371 1837 Africam
1392 1772 1467 1837 inde

246 1874 374 1938 rediens
398 1875 440 1939 ad
463 1881 561 1958 caput
581 1877 707 1958 imperii
728 1877 854 1941 romani
876 1877 1026 1941 devertit.

332 1977 406 2042 Hoc
427 1978 499 2042 loco
521 1979 586 2042 iam
609 2000 673 2043 non
696 1980 757 2043 erit
780 1979 922 2043 alienum
943 1979 986 2042 ad
1009 1980 1203 2042 sententiam
1226 1999 1337 2041 eorum
1355 1997 1469 2059 aggre-

247 2079 289 2158 di,
313 2081 369 2162 qui
391 2080 515 2145 Romae
538 2081 667 2146 demum
683 2079 860 2163 Apuleium
882 2081 1027 2162 linguam
1048 2082 1185 2145 latinam
1202 2080 1354 2144 didicisse
1371 2085 1468 2161 atque

245 2187 419 2264 propterea
441 2184 475 2246 in
498 2206 558 2247 usu
580 2183 810 2249 vocabulorum
832 2221 875 2229 —
902 2204 1040 2265 namque
1070 2184 1156 2248 hunc
1183 2185 1289 2266 ipsum
1312 2183 1470 2264 spectavit

247 2284 478 2367 Ltitjohannus
500 2286 521 2348 l.
552 2308 578 2350 c.
610 2325 652 2332 —-
683 2291 789 2350 certas
821 2287 978 2367 quasdam
1006 2286 1094 2368 leges
1123 2293 1269 2350 secutum
1291 2305 1361 2348 1111
1385 2283 1470 2347 affir-

246 2393 346 2451 mant.
393 2407 475 2468 quae
499 2389 631 2470 quidem
653 2389 814 2453 sententia
835 2389 936 2470 ipsius
952 2387 1075 2471 Apulei
1091 2389 1285 2453 auctoritate
1308 2386 1470 2451 1111111111-

247 2496 315 2570 tur,
348 2511 420 2553 cum
450 2491 483 2553 in
511 2493 670 2573 principio
700 2491 1003 2574 metamorphoseon
1034 2491 1115 2555 haec
1141 2491 1196 2555 ille
1218 2489 1351 2554 referat:
1380 2490 1470 2571 „Hy-

246 2597 365 2656 mettos
381 2591 496 2656 Attica
519 2599 551 2656 et
572 2594 716 2657 Isthmos
732 2594 887 2677 Ephyrea
910 2600 942 2658 et
958 2592 1125 2658 Taenaros
1144 2591 1325 2676 Spartiaca,
1351 2593 1466 2675 glebae

246 2694 359 2758 felices
382 2701 549 2759 aeternum
571 2696 663 2760 libris
693 2695 889 2760 felicioribus
914 2695 1074 2776 conditae,
1105 2717 1178 2760 mea
1201 2701 1291 2759 vetus
1314 2697 1467 2779 prosapia

248 2803 306 2861 est.
351 2797 397 2861 ibi
418 2798 561 2881 linguam
576 2799 728 2863 Attidem
749 2799 861 2882 primis
882 2799 1041 2881 pueritiae
1065 2796 1234 2879 stipendiis
1257 2800 1369 2879 merui,
1392 2820 1468 2863 mox

246 2900 283 2963 in
306 2899 386 2964 urbe
405 2899 505 2966 Latia
526 2901 651 2965 advena
672 2901 854 2965 studiorum
878 2899 1055 2983 Quiritium
1082 2900 1268 2982 indigenam
1290 2922 1471 2966 sermonem

248 3003 463 3067 aerumnabili
489 3004 602 3068 labore
624 3004 713 3068 nullo
736 3005 891 3086 magistro
914 3009 1092 3086 praeeunte
1118 3023 1288 3085 aggressus
1311 3005 1467 3068 excolui.“

247 3105 409 3170 1111111111
433 3105 521 3169 dicta
544 3107 704 3189 Apuleius
730 3106 847 3170 tribuit
875 3105 1036 3171 Graeculo
1061 3106 1189 3169 cuidam
1211 3105 1331 3188 Lucio,
1360 3129 1469 3170 rerum

247 3229 329 3290 quae
352 3209 385 3271 in
407 3208 518 3272 fabula
541 3215 725 3273 tractantur
747 3211 851 3291 primo
875 3209 969 3290 quasi
991 3209 1103 3289 actori,
1126 3215 1252 3272 etcum
1275 3209 1307 3272 in
1324 3214 1467 3272 extremo

246 3310 547 3392 metamorphoseon
582 3312 666 3375 libro
711 3312 850 3394 scriptor
878 3311 974 3374 Lucii
1018 3311 1104 3374 illius
1134 3332 1305 3392 personam
1356 3311 1471 3374 induat
1523 3333 1530 3346 ·

247 3413 496 3494 quodammodo,
519 3415 590 3496 ipsa
613 3435 696 3495 quae
718 3413 815 3477 modo
838 3413 935 3481 attuli
956 3413 1055 3477 verba
1078 3412 1121 3477 ad
1143 3413 1321 3495 Apuleium
1351 3420 1469 3496 putant

246 3517 354 3579 omnia
375 3537 444 3580 esse
466 3515 647 3580 referenda.
697 3516 778 3579 haec
808 3535 884 3580 vero
916 3515 991 3580 ficta
1022 3536 1091 3580 esse
1122 3517 1255 3598 plurimi
1286 3517 1347 3580 viri
1381 3516 1469 3581 docti

245 3620 310 3683 iam
338 3618 463 3702 pridem
490 3618 728 3682 intellexerunt.
779 3619 937 3682 Barthius
967 3617 1096 3700 quidem
1129 3618 1267 3703 (advers.
1297 3619 1416 3683 lib.4o
1441 3640 1466 3682 1.

249 3725 289 3784 26
312 3721 411 3805 med.)
441 3720 519 3784 dicit
549 3720 726 3804 Apuleium
754 3719 921 3804 splendide
949 3721 1121 3784 mentitum
1149 3741 1218 3784 esse
1248 3721 1282 3784 in
1304 3721 1468 3803 prooemio

248 3826 297 3888 1111
321 3825 426 3908 operis
450 3825 489 3889 de
516 3826 628 3908 lingua
656 3824 781 3888 difficili
814 3843 1067 3906 aerumnoseque
1098 3845 1173 3887 ase
1208 3828 1362 3907 percepta
1396 3843 1468 3886 cum

335 4030 357 4097 ¹)
377 4029 410 4082 cf.
430 4027 571 4081 Lucienus
595 4028 700 4080 rhetor.
725 4031 867 4096 praecept.
896 4045 918 4078 c.
942 4030 972 4092 93
1000 4029 1044 4093 10;
1071 4028 1118 4093 1b';
1146 4026 1285 4095 imprimis
1310 4045 1331 4082 c.
1353 4030 1393 4092 17,
1422 4028 1470 4081 ubi

247 4117 354 4168 siccos
373 4115 489 4168 irridet:
525 4113 594 4183 μετὰ
621 4113 651 4166 δὲ
675 4111 817 4187 ἀπόρρητα
842 4121 885 4166 καὶ
909 4113 971 4174 ξένα
995 4114 1103 4186 ῥήματα
1121 4121 1164 4168 καὶ
1184 4114 1470 4188 σπανιάκις-εἰρημένα

246 4200 300 4256 ὑπὸ
318 4201 376 4254 τῶν
397 4200 494 4266 πάλαι,
518 4207 561 4253 καὶ
586 4199 674 4254 ταῦτα
699 4200 870 4271 ξυμφορὴσας
893 4196 1039 4261 ἀποτόξευε
1061 4201 1294 4272 προχειριζόμενος
1318 4199 1385 4274 πρὸς
1407 4199 1469 4256 τοὺς

248 4280 414 4357 bailodium.
452 4285 522 4341 oilae)
535 4287 588 4360 γάρ
607 4306 637 4339 σε
656 4283 670 4340 ὁ
689 4285 754 4341 λεὼ,Ι
772 4283 787 4339 ὁ
805 4284 886 4342 aeliu
904 4282 1109 4355 ἀποβλέψονται
1127 4292 1171 4338 καὶ
1190 4286 1357 4354 θαυμαστὸν
1374 4283 1470 4354 ὑπολὴ·

246 4393 347 4445 ψονται
365 4381 409 4426 καὶ
428 4373 478 4442 τὴν
495 4372 626 4427 παιδείαν
642 4370 710 4441 ὑπὲρ
723 4369 819 4428 αὖτοὺς
831 4375 854 4424 εἰ
871 4368 1146 4445 ἀποστλεγγίσασθαι
1158 4376 1208 4439 μὲν
1219 4371 1252 4425 τὸ
1270 4369 1470 4434 ἀποξύσασθαι

246 4459 317 4533 λέγοι
335 4481 383 4525 τις,
400 4459 432 4514 τὸ
452 4458 481 4513 δὲ
498 4459 563 4527 ἡλίῳ
582 4461 721 4532 θέρεσθαι
734 4458 948 4531 εἱληθερεῖσθαι,
966 4457 1016 4510 τὸν
1027 4454 1175 4530 ἄῤῥαβιῖινα
1196 4456 1225 4510 δὲ
1244 4459 1401 4529 προνόμιον,
1420 4459 1470 4512 τόν

249 4544 355 4620 ὄρθρον
373 4545 403 4600 δὲ
421 4543 588 4619 ἀκροκνεφές.
625 4552 709 4599 ἐνίοτε
722 4544 751 4598 δὲ
764 4551 808 4596 καὶ
821 4541 901 4600 αὐτὸς
915 4550 984 4596 ποίει
997 4543 1075 4596 καινὰ
1088 4550 1131 4596 καὶ
1144 4540 1278 4596 ἀλλόκοτα
1292 4541 1414 4614 όνόματα
1429 4563 1468 4614 sq.
