3382 5152
806 337 846 397 25

213 537 468 601 communibus&
521 536 616 603 facile
648 544 757 604 autem
785 538 856 604 fieri
884 540 1006 625 potuit,
1036 543 1073 603 ut
1101 539 1209 624 prisca
1240 537 1438 602 haberentur

212 645 312 725 atque
351 639 478 704 exoleta
516 661 598 726 quae
631 642 787 707 sermonis
826 648 919 707 eraut
952 642 1124 722 cotidiani,
1155 662 1228 704 cum
1259 640 1436 704 communis

210 743 365 828 loquendi
387 764 457 807 mos
479 749 607 809 vetusta
628 745 783 810 retineret
797 744 910 826 multa,
934 767 1018 831 quae
1032 746 1066 809 in
1082 744 1222 809 dictione
1238 743 1437 826 elegantiore

211 845 416 924 vitabantur3
440 847 559 911 etenim
581 847 662 911 haec
682 849 755 932 ipsa
778 853 826 911 est
849 869 947 913 causa
968 870 1025 913 eur
1040 848 1203 934 Apuleius
1217 867 1297 934 prae
1320 847 1435 912 ceteris

212 955 359 1014 veterum
382 949 577 1013 comicorum
603 956 774 1037 poetarum
796 951 986 1016 thesaurum
1010 951 1240 1016 vocabulorum
1263 950 1358 1034 quasi
1382 970 1433 1013 ex-

211 1051 333 1136 pilasse
355 1056 497 1137 putetur.
542 1053 708 1135 vulgarem
729 1054 829 1137 igitur
851 1054 979 1119 dicendi
994 1053 1270 1133 consuetudinem,
1294 1073 1378 1138 quae
1403 1058 1436 1116 et

212 1155 408 1219 comicorum
435 1159 468 1219 et
489 1153 612 1241 Apulei
638 1158 793 1222 orationis
823 1156 894 1222 fons
924 1164 995 1222 erat
1024 1157 1229 1244 aliquatenus
1258 1156 1436 1220 communis

212 1259 240 1322 si
271 1257 459 1340 diligentius
488 1261 706 1344 respexissent
733 1261 879 1326 homines
908 1260 1009 1340 docti,
1041 1259 1081 1324 de
1110 1259 1253 1346 Apuleio
1280 1259 1437 1323 iudicium

215 1361 367 1426 fecissent
388 1361 516 1426 rectius.

298 1465 431 1545 Restat,
461 1471 499 1529 ut
525 1466 568 1530 ad
588 1467 660 1550 ipsa
687 1466 845 1532 vocabula
874 1464 1116 1548 aggrediamur,
1148 1485 1231 1551 quae
1259 1485 1368 1528 omnes
1397 1464 1435 1544 ei,

213 1568 269 1653 qui
303 1566 343 1631 de
378 1567 558 1632 elocutione
588 1569 777 1655 Apuleiana
809 1569 840 1632 in
874 1569 1059 1633 uuiversum
1093 1568 1247 1632 iudicium
1281 1566 1436 1645 lecerunt,

215 1671 316 1735 tacite
338 1691 398 1756 pro
426 1669 579 1735 obsoletis
607 1673 727 1737 habere
752 1678 920 1758 poteraut,
949 1693 1021 1736 cum
1049 1673 1177 1757 priscae
1206 1671 1361 1734 orationis
1387 1691 1437 1734 oo-

212 1775 314 1839 lorem
337 1795 411 1838 eum
434 1773 635 1839 affectavissc
658 1781 835 1856 censerent,
859 1774 909 1839 vel
938 1797 1021 1861 quae
1045 1775 1254 1839 Erdmauuus
1277 1773 1437 1838 Kretsoh-

211 1900 349 1942 mannus
378 1877 548 1942 Koziolius
577 1878 633 1941 alii
661 1879 853 1964 scriptorem
883 1878 924 1942 ab
953 1878 1076 1942 ultimis
1105 1885 1137 1943 et
1165 1879 1231 1942 iam
1254 1877 1434 1942 obliteratis

211 1981 413 2067 temporibus
449 1981 637 2066 repetivisse
681 1981 782 2063 magis
826 1981 971 2046 minusve
1016 1981 1148 2046 definite
1190 1979 1435 2045 contenderunt.

212 2083 371 2149 vocabula
392 2084 492 2166 igitur
513 2084 570 2147 illa
592 2089 651 2147 aut
664 2083 830 2168 primitiva
852 2089 936 2164 sunt,
960 2105 1044 2166 quae
1067 2085 1094 2148 si
1114 2083 1251 2148 fuissent
1275 2084 1435 2148 oblivione

212 2186 329 2250 obruta
359 2208 380 2250 a
406 2187 609 2272 paucissimis
642 2187 745 2268 iisque
779 2207 874 2250 casca
905 2194 1066 2252 vetustate
1101 2186 1237 2252 eruditis
1270 2186 1436 2250 intellecta

212 2296 337 2369 essent,
367 2295 424 2353 aut
446 2289 638 2354 formatione
661 2294 789 2354 tantum
818 2289 1009 2355 suffixorum
1031 2291 1082 2355 vel
1104 2289 1322 2377 praefixorum
1344 2295 1436 2354 uota·

211 2393 305 2474 bilia,
336 2393 378 2484 ab
401 2413 462 2456 usu
484 2413 560 2456 vero
582 2394 751 2457 meliorum
782 2394 976 2478 scriptorum
1005 2394 1120 2458 aliena.
1166 2392 1223 2458 sed
1245 2393 1383 2458 maxime
1403 2393 1436 2456 in

211 2497 261 2561 his
285 2495 463 2560 cavendum
486 2503 549 2576 est,
581 2517 620 2560 ne
643 2501 764 2560 temere
787 2497 984 2561 arbitremur
1005 2495 1142 2560 formam
1172 2496 1315 2578 aliquam
1337 2496 1437 2560 fuisse

212 2600 382 2664 exoletam.
419 2619 495 2663 nem
509 2604 739 2684 praeterquam
755 2600 841 2682 quod
863 2600 951 2684 apud
974 2599 1055 2663 alios
1078 2599 1251 2684 scriptores
1273 2605 1436 2664 extremae

210 2702 383 2767 latinitatis
405 2723 500 2767 voces
522 2704 652 2788 saepius
674 2703 882 2787 reperiuntur
903 2702 1049 2782 eaedem,
1080 2701 1288 2767 formationes
1316 2703 1437 2766 similes

211 2806 300 2892 apud
331 2826 386 2870 eos
417 2810 492 2869 sunt
522 2812 591 2870 tam
622 2805 758 2886 multae,
787 2811 825 2869 ut
854 2805 1003 2887 equidem
1029 2826 1095 2868 non
1118 2805 1333 2870 dubitaverim
1363 2825 1436 2868 cou-

211 2908 345 2974 tendere
367 2929 452 2990 quae
467 2930 531 2973 non
553 2915 660 2974 essent
679 2909 712 2971 in
734 2930 795 2972 usu
810 2909 966 2972 sermonis
981 2909 1125 2991 vulgaris
1140 2907 1230 2972 haud
1252 2928 1327 2971 raro
1350 2908 1437 2992 ipsos

210 3012 342 3076 finxisse
370 3011 525 3096 exemplis
553 3013 690 3076 vetustis
719 3033 782 3076 non
809 3012 974 3097 respectis.
1020 3012 1233 3092 deminutiva,
1267 3032 1350 3093 quae
1383 3011 1437 3074 ob-

212 3116 316 3180 soleta
337 3114 452 3178 haberi
474 3121 643 3200 poterant,
676 3116 875 3195 omittemus,
905 3136 977 3179 oum
999 3115 1049 3178 vel
1072 3136 1117 3178 ex·
1130 3115 1313 3198 linguarum
1335 3133 1439 3177 roma-

211 3218 359 3282 nensium
394 3217 627 3282 consuetudine
666 3219 745 3282 satis
782 3224 908 3282 constet
947 3217 989 3282 ad
1022 3219 1128 3282 varios
1167 3219 1266 3283 animi
1304 3215 1439 3281 affectus

213 3321 440 3406 exprimendos
469 3322 503 3384 in
529 3341 676 3385 sermone
704 3321 806 3385 latino
833 3321 958 3403 vulgari
986 3342 1078 3385 usum
1108 3343 1218 3386 eorum
1248 3321 1347 3385 fuisse
1377 3319 1439 3384 fre-

212 3424 469 3505 quentissimum,
486 3431 523 3489 ut
535 3425 577 3488 ab
592 3425 670 3509 ipsis
683 3425 887 3488 deminutivis
903 3445 987 3488 nova
1000 3425 1198 3488 deminutiva
1209 3423 1437 3489 formarentur.

212 3533 385 3612 praeterea
415 3525 500 3592 Ottii
529 3528 713 3592 testimonio
747 3528 782 3613 (l.
815 3549 840 3591 o.
871 3549 903 3612 p.
935 3530 1011 3611 789)
1043 3527 1084 3592 de
1110 3529 1149 3592 iis
1178 3529 1226 3592 uti
1256 3527 1350 3608 licet,
1382 3527 1438 3610 qui

212 3630 399 3694 Koziolium
422 3630 554 3694 nimiam
583 3631 709 3716 copiam
737 3630 852 3695 harum
880 3630 1057 3695 formarum
1085 3630 1173 3714 apud
1195 3630 1375 3716 Apuleium
1402 3635 1439 3693 ut

212 3734 322 3798 fucum
349 3733 496 3819 ineptum
522 3733 758 3817 ridiculumque
780 3735 1018 3818 vituperantem
1040 3735 1211 3816 impugnat
1239 3755 1277 3798 ac
1300 3734 1380 3797 dicit
1404 3734 1438 3796 in

213 3837 302 3902 Itala
323 3837 593 3901 deminutivorum
615 3859 709 3901 usum
724 3858 783 3920 pro
806 3837 931 3901 ambitu
944 3837 1102 3902 librorum
1127 3837 1264 3901 eundem
1278 3836 1346 3900 fere
1369 3856 1438 3900 esse

213 3946 311 4022 atque
341 3941 374 4003 in
403 3941 531 4023 scriptis
559 3939 691 4024 Apulei.
737 3961 856 4023 genera
883 3947 992 4004 autem
1019 3941 1265 4021 vocabulorum,
1299 3939 1439 4021 quaein

212 4064 347 4108 numero
370 4043 569 4106 exoletorum
584 4043 697 4107 haberi
719 4044 825 4107 solent
847 4043 935 4127 apud
957 4044 1148 4128 scriptorem
1171 4044 1342 4107 statuimus
1357 4043 1437 4107 tria:

214 4148 355 4230 primum
372 4167 492 4225 eorum,
506 4167 589 4228 quae
601 4150 736 4231 propter
750 4146 856 4231 ipsam
868 4147 1095 4212 formationem
1107 4146 1439 4229 significationemque

214 4250 361 4332 vulgaria
388 4247 488 4312 fuisse
514 4249 584 4312 iure
614 4249 748 4329 dixeris,
771 4249 823 4312 vel
846 4249 963 4332 quibus
987 4251 1084 4314 etiam
1113 4250 1169 4313 ulii
1197 4255 1344 4314 auctores
1366 4249 1439 4313 lati·

213 4353 326 4417 nitatis
349 4351 519 4416 deterioris
540 4353 590 4415 usi
612 4357 701 4430 sunt,
731 4357 768 4415 ut
791 4352 963 4417 obliterata
985 4374 1024 4417 ea
1051 4352 1149 4417 fuisse
1171 4375 1235 4416 non
1257 4353 1437 4417 videantur.

216 4455 265 4520 his
295 4454 446 4537 deinceps
480 4455 544 4519 alia
578 4453 806 4537 adiungemus,
842 4460 952 4540 spreta
986 4455 1117 4538 quidem
1148 4456 1206 4519 illa
1239 4456 1280 4520 ab
1305 4456 1438 4538 reliquis

215 4558 426 4641 scriptoribus
449 4559 566 4622 aetatis
583 4558 773 4638 Caesareae,
797 4557 854 4622 sed
877 4580 960 4641 quac
982 4559 1032 4624 vel
1054 4560 1088 4622 in
1110 4579 1255 4624 sermone
1280 4558 1439 4622 communi
