3382 5152
867 293 907 368 18

284 505 464 580 hereditate
485 508 584 596 longa
609 513 870 597 peregrinatione
899 516 931 576 01
960 510 1095 576 diutinis
1126 510 1241 578 studiis
1271 507 1325 599 (cf.
1349 507 1388 578 de
1417 529 1500 594 mag.

287 625 327 684 22
350 625 382 683 01
404 618 460 704 23)
481 619 622 683 Romam
645 639 679 682 se
701 618 825 682 venisse
848 616 928 680 dicit
950 616 1124 680 admodum
1138 638 1315 700 pauperem
1337 617 1426 702 (met.
1452 619 1501 696 11,

284 727 323 786 27
354 729 386 787 01
415 722 470 807 28)
505 743 609 804 neque
641 743 713 785 cum
750 721 918 784 Frontone
950 741 1055 802 neque
1088 742 1160 784 cum
1190 721 1324 803 reliquis
1359 721 1500 784 eiusdem

283 826 425 890 familiae
454 825 636 888 hominibus
668 845 701 887 se
730 823 922 905 coniungere
954 823 1060 904 licuit,
1095 844 1200 906 neque
1230 823 1358 886 0111111110
1385 822 1419 885 id
1447 822 1500 886 ille

283 928 467 1011 appetebat.
510 948 586 989 nam
608 947 692 1008 quae
714 925 785 989 flor.
803 931 841 989 17
863 927 933 1008 ipse
954 926 993 990 de
1017 946 1051 990 se
1072 925 1254 1008 praedicat:
1288 927 1354 1006 „ita
1377 947 1502 1008 semper

284 1030 326 1094 ab
348 1032 477 1093 ineunte
500 1049 579 1093 aevo
602 1028 703 1093 bonas
725 1034 812 1092 artes
832 1029 944 1092 sedulo
965 1029 1051 1092 colui
1072 1049 1207 1110 eamque
1232 1029 1500 1092 existimationem

286 1154 411 1196 morum
435 1153 474 1195 ac
496 1132 677 1195 studiorum
701 1152 773 1194 cum
792 1132 825 1194 in
846 1132 1013 1212 provincia
1034 1138 1237 1196 nostratum
1259 1132 1357 1194 etiam
1377 1131 1501 1195 Romae

283 1255 382 1317 penes
412 1236 531 1299 amicos
561 1242 634 1298 tuos
665 1234 904 1317 (proconsulem
926 1232 1060 1298 Africae
1089 1235 1278 1316 alloquitur,
1309 1234 1364 1315 qui
1395 1232 1499 1296 decla·

283 1338 419 1401 mationi
445 1338 616 1422 intererat)
645 1338 809 1418 quaesisse
837 1359 887 1400 me
916 1342 987 1400 tute
1015 1338 1083 1419 ipse
1113 1337 1383 1419 locupletissimus
1407 1337 1499 1400 testis

284 1462 317 1503 es
349 1446 442 1518 eet.“,
481 1441 562 1502 haec
596 1438 811 1520 probabiliter
841 1461 907 1503 non
940 1440 1228 1521 interpretabimur
1263 1439 1325 1502 nisi
1362 1439 1422 1517 ita,
1462 1444 1500 1501 ut

283 1541 325 1605 ad
354 1541 496 1606 forenses
527 1543 688 1605 orationes
719 1563 757 1606 ea
786 1542 978 1622 referamus,
1017 1542 1135 1624 quibus
1169 1541 1347 1625 Apuleium
1376 1539 1499 1604 Rornae

282 1644 484 1727 aliquamdiu
512 1647 629 1708 vietum
659 1645 720 1708 sibi
750 1647 914 1727 paravisse
944 1647 1168 1728 comperimus.
1213 1643 1270 1708 sed
1298 1643 1353 1707 ille
1383 1643 1497 1724 1011111,

283 1767 370 1828 quae
399 1748 495 1811 modo
520 1749 849 1828 commemoravimus,
877 1770 942 1813 non
969 1754 1038 1811 tam
1060 1746 1379 1829 Carthaginiensium
1399 1743 1498 1808 admi-

281 1851 439 1913 rationem
463 1850 614 1932 colligere
645 1871 742 1931 quam
763 1853 945 1932 proconsuli
973 1872 1006 1914 se
1035 1850 1259 1915 commendare
1285 1848 1399 1927 voluit,
1427 1867 1499 1910 oum

280 1953 351 2016 aliis
383 1953 463 2017 locis
496 1953 601 2035 prima
630 1953 687 2016 illa
718 1953 752 2016 in
783 1952 913 2036 publico
947 1952 1126 2018 disserendi
1155 1953 1339 2017 rudimenta
1372 1951 1498 2014 silentio

279 2063 465 2138 praetereat
481 2056 627 2136 quamvis
643 2077 769 2119 ornnem
791 2077 1017 2137 quamcunque
1039 2061 1147 2139 potest
1166 2055 1366 2118 occasionem
1390 2058 1499 2135 captet

278 2158 317 2222 de
344 2180 378 2223 se
418 2159 587 2241 gloriandi.
645 2180 742 2241 quam
780 2158 917 2222 multum
951 2160 1037 2223 enim
1068 2159 1137 2241 ipse
1178 2157 1329 2221 tribuerit
1370 2155 1495 2235 studiis,

279 2262 396 2344 quibus
419 2261 544 2326 Romae
567 2283 639 2326 eum
662 2262 824 2326 vacavisse
852 2268 985 2344 putant,
1019 2263 1083 2325 alio
1108 2259 1299 2325 floridorum
1326 2260 1397 2323 loco
1426 2259 1497 2343 (18)

278 2368 436 2448 aperitur,
466 2366 522 2429 ubi
545 2363 829 2447 Carthaginienses
857 2365 994 2429 laudans
1018 2364 1099 2428 haec
1126 2365 1181 2428 ille
1210 2364 1301 2427 dicit:
1332 2362 1397 2440 „ita
1418 2360 1498 2424 mihi

279 2474 311 2532 01
337 2470 446 2552 patria
473 2469 506 2532 in
535 2469 670 2532 concilio
697 2468 848 2548 Africae,
877 2468 911 2531 id
942 2474 992 2532 est
1026 2472 1149 2546 vestro,
1180 2473 1212 2530 et
1243 2465 1383 2549 pueritia
1410 2463 1497 2546 apud

277 2592 333 2633 vos
363 2577 396 2635 et
424 2573 572 2654 magistri
606 2593 661 2636 vos
691 2576 724 2635 et
754 2577 842 2635 secta
869 2571 946 2635 licet
973 2571 1115 2635 Athenis
1143 2569 1265 2632 Atticis
1297 2566 1497 2646 confirmata,

278 2678 389 2737 tamen
412 2674 464 2738 hic
486 2675 638 2738 inchoata
661 2679 709 2737 est
730 2679 762 2738 et
783 2695 845 2738 vox
867 2694 940 2737 mea
962 2679 1042 2738 cet.“
1088 2674 1223 2751 Rornae,
1247 2671 1298 2734 cui
1318 2670 1404 2753 apud
1425 2690 1497 2751 pro-

283 2776 445 2840 consulem
461 2784 528 2840 tam
543 2778 679 2840 multum
694 2778 836 2841 tribuere
853 2777 937 2840 visus
959 2783 1017 2856 est,
1034 2781 1072 2839 ut
1093 2776 1143 2840 vel
1158 2775 1308 2839 Athenas
1325 2773 1497 2852 omitteret,

281 2877 342 2941 hcc
365 2879 436 2942 loco
458 2880 578 2943 mentio
601 2879 638 2942 fit
660 2900 792 2962 prorsus
814 2880 913 2943 nulla.
959 2901 1063 2964 neque
1086 2878 1120 2943 id
1141 2885 1262 2942 temere
1285 2877 1335 2940 vel
1361 2874 1497 2938 fortuito

278 2978 398 3043 facturn
441 3002 508 3044 esse
548 2982 668 3046 dixeris
708 2982 764 3046 sed
801 2989 990 3065 propterea,
1026 2982 1114 3066 quod
1148 2980 1434 3062 Carthaginienses
1462 2977 1496 3039 in

281 3083 422 3146 colendis
437 3084 561 3148 artibus
573 3085 762 3149 liberalibus
774 3085 997 3149 Romanorum
1012 3087 1078 3149 iam
1093 3085 1211 3148 aemuli
1220 3085 1245 3168 1)
1263 3104 1321 3146 sua
1337 3080 1498 3164 quaedam

279 3185 433 3248 instituta
456 3185 681 3268 observabant,
705 3189 766 3252 etsi
787 3188 821 3250 in
840 3188 890 3252 his
913 3209 946 3251 se
968 3209 1040 3252 cum
1055 3188 1212 3252 Romanis
1228 3186 1410 3266 discrepare
1433 3202 1497 3245 non

280 3288 484 3369 ignorabant.
529 3291 643 3355 relicta
666 3292 764 3372 igitur
785 3290 875 3354 brevi
898 3297 1043 3374 tempore
1065 3291 1173 3354 Roma
1199 3311 1271 3352 curn
1293 3289 1327 3351 in
1349 3284 1497 3350 Africam

275 3391 461 3455 revertisset
505 3391 685 3476 Apuleius,
734 3394 980 3476 provincialium
1025 3415 1204 3458 sermonem
1254 3399 1351 3473 atque
1401 3410 1495 3451 usum

365 3613 386 3680 ¹)
406 3613 439 3665 cf.
458 3613 583 3667 Iuvenal.
596 3618 619 3679 7,
635 3617 691 3668 148.
723 3616 839 3668 summis
850 3616 950 3682 quibus
964 3619 1077 3683 poterat
1089 3615 1219 3667 laudibus
1232 3612 1369 3680 Apuleius
1384 3609 1419 3663 ob
1434 3627 1496 3663 eam

277 3714 338 3750 rem
352 3699 597 3768 Carthaginienses
614 3702 694 3754 effert
712 3702 753 3754 ita
771 3701 843 3770 (flor.
858 3703 915 3770 20):
936 3719 1006 3768 quae
1024 3705 1119 3754 autem
1137 3699 1228 3751 maior
1245 3698 1305 3750 laus
1324 3701 1373 3748 aut
1391 3696 1496 3748 certior

276 3803 360 3852 quam
375 3787 539 3856 Carthagini
557 3788 731 3853 benedicere,
752 3788 800 3840 ubi
819 3792 881 3840 tota
900 3787 1000 3840 civitas
1020 3785 1206 3840 eruditissimi
1225 3785 1302 3847 estis,
1322 3800 1407 3851 penes
1426 3799 1495 3848 quos

276 3889 386 3925 omnem
400 3873 576 3941 disciplinam
590 3874 670 3941 pueri
684 3873 805 3939 1111011111,
819 3875 933 3927 iuuenes
946 3877 1099 3938 ostentant,
1114 3890 1194 3925 senes
1205 3869 1326 3924 docent?
1353 3869 1494 3944 Carthago

275 3958 437 4025 provinciae
460 3963 573 4012 nostrae
597 3961 734 4029 magistra
753 3960 937 4024 venerabilis,
961 3960 1103 4028 Carthago
1122 3959 1237 4010 Africae
1255 3956 1336 4009 Musa
1362 3954 1494 4011 coelistis,

276 4044 419 4114 Carthago
434 4045 555 4098 Camena
574 4049 745 4115 togatorum.
777 4049 810 4100 ef.
831 4045 1229 4114 ctiamVopisc.Saturn.10‚
1247 4045 1272 4107 4,
1292 4041 1412 4096 Salvian.
1428 4039 1494 4108 gub.

274 4130 363 4194 (1017,
386 4135 430 4185 67:
461 4131 659 4200 Carthaginem
684 4133 745 4186 dieo
774 4138 801 4186 ot
821 4133 885 4186 urbi
907 4131 1016 4186 Romae
1044 4133 1166 4184 maxime
1192 4128 1380 4182 adversariam
1410 4130 1438 4178 et
1464 4127 1495 4178 in

274 4215 408 4271 Africano
427 4218 494 4270 orbe
513 4219 590 4284 quasi
603 4218 731 4272 Romam.
762 4237 832 4287 quae
851 4219 920 4271 mihi
939 4219 1003 4271 ideo
1023 4218 1053 4270 in
1071 4217 1232 4284 exemplum
1250 4233 1282 4268 ac
1299 4213 1494 4266 testimoninm

274 4303 333 4354 sola
360 4303 479 4370 sufficit,
505 4305 569 4371 quia
592 4305 723 4359 universa
743 4306 858 4374 penitus
884 4305 984 4373 quibus
1007 4305 1037 4357 in
1062 4308 1124 4357 1010
1153 4302 1260 4355 mundo
1286 4299 1434 4368 disciplina
1451 4298 1493 4350 rei

273 4389 403 4457 publicae
427 4391 470 4442 101
494 4397 666 4458 procuratur
689 4393 734 4445 vol
753 4393 862 4462 regitur
888 4392 918 4443 in
943 4407 972 4444 se
995 4391 1101 4443 habuit.
1137 4389 1195 4442 illie
1219 4388 1295 4441 0111111
1320 4385 1414 4440 omnia
1433 4383 1492 4436 offi-

276 4476 383 4528 ciorum
402 4477 577 4544 publicorum
597 4478 797 4542 instrumenta,
817 4478 877 4532 illic
897 4477 1002 4530 artium
1022 4476 1181 4530 liberalium
1201 4475 1307 4539 scolae,
1326 4472 1385 4525 illie
1402 4470 1490 4538 philo·

272 4561 429 4634 sophorum
448 4563 622 4633 disciplinae,
643 4570 743 4618 cuncta
763 4564 883 4632 denique
902 4564 947 4617 101
965 4564 1125 4634 linguarum
1144 4561 1290 4632 gymnasia
1308 4559 1353 4613 101
1372 4573 1487 4610 morum.
