3382 5152
841 297 882 371 20

254 506 435 599 priscorum
451 506 620 579 verborum
642 532 703 579 usu
717 513 894 600 inquirens,
910 510 999 580 haud
1018 509 1112 580 facile
1127 509 1281 580 invenias.
1315 511 1473 599 imprimis

253 619 456 704 respicienda
492 620 553 683 erit
589 620 787 684 consuetudo
825 619 937 684 similis
971 619 1170 702 reliquorum
1203 617 1378 701 Afrorum,
1416 622 1473 703 qui

254 723 460 805 antiquitatis
488 723 594 804 specie
625 724 805 788 orationem
827 745 892 788 non
920 722 1130 787 exornabant.
1176 722 1260 786 duae
1283 728 1359 787 sunt
1379 745 1473 789 voces

253 829 287 891 in
319 827 412 891 libris
446 825 486 889 de
517 825 736 909 philosophia,
771 847 852 907 quas
878 827 947 909 ipse
974 826 1135 909 Apuleius
1168 825 1210 890 ab
1239 847 1301 889 usu
1327 833 1473 893 veterum

254 930 477 993 Romanorum
494 949 527 992 se
542 934 688 1010 repetere
704 928 784 993 dicit
798 929 856 994 sed
870 931 927 1010 ita,
951 933 988 993 ut
1002 933 1162 1012 appareat
1176 949 1250 994 eum
1263 929 1471 1010 laboravisse,

255 1053 319 1115 quo
346 1033 443 1096 verbo
471 1032 505 1095 in
532 1052 567 1095 re
596 1033 764 1114 proposita
792 1033 959 1097 commode
993 1038 1092 1114 atque
1119 1033 1250 1116 proprie
1283 1036 1471 1120 uteretur.¹)

256 1157 337 1199 unus
368 1137 458 1199 locus
492 1141 541 1198 est
571 1133 654 1199 ddeo
683 1133 772 1200 Socr.
802 1157 828 1200 c.
859 1139 912 1198 15:
949 1141 1018 1215 „est
1050 1142 1082 1200 et
1115 1136 1255 1200 secundo
1288 1136 1473 1219 significatu

255 1239 377 1322 species
415 1237 607 1301 daemonum
643 1237 770 1302 animus
807 1239 967 1303 humanus
1003 1239 1145 1302 emeritis
1180 1239 1349 1323 stipendiis
1386 1242 1472 1305 vitae

255 1343 383 1428 corpori
406 1362 463 1406 suo
487 1341 651 1406 abiurans.
686 1339 773 1404 hunc
787 1347 894 1406 vetere
909 1342 1012 1406 latina
1026 1342 1138 1425 lingua
1152 1342 1278 1427 reperio
1293 1343 1471 1408 Lemurum

255 1444 398 1533 [nomine
426 1441 604 1530 (Liitjoh.)]
633 1443 827 1508 dictitatum.
876 1466 916 1509 ex
948 1445 1035 1509 hisce
1066 1465 1143 1527 ergo
1177 1444 1372 1510 Lemuribus
1400 1455 1469 1531 sq.“

252 1549 335 1612 alter
364 1548 484 1630 legitur
512 1547 546 1610 in
573 1546 1035 1632 prioreddgm.Plat.1ibro
1063 1569 1089 1612 c.
1116 1551 1154 1611 11
1185 1548 1339 1628 „deorum
1366 1551 1471 1618 trinas

252 1655 419 1736 nuncupat
441 1651 582 1734 speciae,
612 1671 749 1733 quarum
772 1657 821 1715 est
842 1651 947 1736 prima
970 1699 977 1714 .
1002 1700 1009 1714 .
1035 1700 1041 1715 .
1064 1651 1154 1715 aliud
1175 1672 1275 1733 genus
1299 1659 1361 1734 est,
1384 1655 1472 1736 quod

251 1761 342 1820 astra
379 1752 503 1818 habent
540 1758 712 1836 ceteraque
749 1755 897 1834 numina,
935 1774 1014 1835 quos
1051 1755 1222 1820 caelicolas
1258 1757 1472 1839 nominemus,

251 1858 384 1922 tertium
418 1855 557 1936 habent,
595 1876 677 1939 quos
710 1857 923 1920 medioximos
955 1856 1097 1922 Romani
1129 1866 1254 1923 veteres
1291 1860 1470 1945 appellant,

251 1959 338 2042 quod
365 1965 414 2023 est
442 1964 510 2041 sq.“
535 1959 568 2022 in
596 1959 708 2043 paucis
737 1959 810 2024 aliis
835 1961 905 2025 iure
934 1961 1125 2041 haesitabis,
1149 1962 1231 2026 sicut
1256 1967 1332 2026 met.
1365 1969 1399 2045 2,
1430 1969 1470 2028 23

249 2063 362 2128 rerba:
411 2061 520 2141 „vides
556 2061 718 2126 hominem
754 2064 1024 2149 perspicaciorem
1060 2064 1191 2148 Lynceo
1224 2064 1275 2129 rel
1308 2065 1401 2148 Argo
1439 2074 1472 2132 et

254 2166 401 2231 oculeum
423 2170 547 2229 totum“
572 2171 720 2250 spectare
742 2165 956 2231 videaturad
978 2166 1086 2231 Plaut.
1108 2166 1223 2232 Aulul.
1247 2171 1276 2248 3,
1300 2173 1329 2249 6,
1355 2174 1407 2234 19;

432 2268 561 2351 quossi
583 2267 695 2350 Argus
718 2273 831 2350 servet,
855 2269 911 2354 qui
933 2269 1063 2334 oculeus
1085 2275 1174 2335 totus
1197 2270 1268 2335 fuit.

248 2394 347 2460 porro
370 2370 464 2436 valde
492 2372 618 2435 mireris
642 2371 682 2436 de
708 2372 892 2456 imperativi
921 2373 1123 2458 opperimino
1152 2374 1242 2459 (met.
1268 2377 1301 2454 l,
1326 2375 1381 2460 22)
1405 2373 1470 2441 for-

248 2478 389 2542 mationa
396 2525 403 2556 ,
434 2495 517 2557 quae
545 2495 650 2556 neque
676 2474 709 2538 in
737 2475 841 2540 titulis
864 2496 969 2560 neque
998 2477 1033 2539 in
1060 2476 1152 2540 libris
1175 2483 1282 2541 aetate
1306 2475 1470 2541 Caesarea

249 2580 405 2646 confectis
433 2578 561 2662 uspiam
593 2578 755 2642 invenitur
787 2579 845 2643 sed
872 2583 1001 2644 tantum
1033 2581 1067 2643 in
1089 2581 1305 2645 monumentis
1339 2581 1470 2663 linguae

247 2684 370 2748 latinae
386 2680 610 2767 vetustioris.²)
647 2682 832 2765 Protagora
853 2683 1050 2746 nominativo
1067 2703 1144 2746 casu
1158 2681 1320 2768 Apuleius
1342 2685 1471 2769 scripsit

248 2787 317 2850 flor.
349 2790 389 2848 18
422 2785 628 2870 (Kruegerus
661 2784 743 2849 falso
775 2786 879 2850 edidit
909 2785 1139 2869 Protagoras),
1177 2807 1260 2867 quae
1297 2785 1402 2850 forma
1436 2787 1470 2851 in

248 2889 437 2954 memoriam
464 2889 577 2951 statim
604 2895 734 2952 revocat
767 2909 840 2953 cum
872 2888 1091 2970 antiquiorum
1121 2888 1384 2953 consuetudinem
1413 2887 1469 2973 (ci.

249 2991 430 3056 Buecheler
447 2990 599 3056 declinat.
615 2991 690 3054 lat²
705 2991 723 3077 ξ
738 2992 795 3076 42)
818 2997 888 3056 tum
905 2991 1165 3055 Frontonianum
1183 2992 1265 3056 illud
1279 2991 1471 3074 Pythagora

247 3095 280 3158 in
308 3116 357 3179 ep.
387 3095 438 3159 ad.
455 3095 533 3163 Ver.
560 3099 591 3175 1,
620 3100 636 3157 1
665 3114 696 3178 p.
727 3097 788 3158 114
814 3094 899 3159 Nab.
937 3115 1041 3176 neque
1076 3094 1219 3158 dubitari
1251 3100 1360 3179 potest
1392 3095 1471 3176 quin

248 3197 409 3284 Apuleius
431 3220 496 3261 non
519 3198 716 3280 ignoraverit
730 3198 828 3261 talem
843 3197 981 3262 formam
996 3196 1095 3260 fuisse
1117 3197 1335 3277 obliteratam,
1358 3218 1470 3278 quarn-

249 3322 347 3383 quam
363 3323 499 3383 graecae
515 3301 759 3366 terminationes
775 3301 817 3364 ab
830 3301 923 3364 Afris
938 3301 1066 3385 saepius
1082 3300 1303 3365 reddebantur
1317 3299 1469 3385 latinis.⁸)

245 3406 301 3468 sed
329 3405 424 3490 plura
450 3404 547 3468 nolim
574 3404 636 3468 hoc
662 3404 732 3469 loco
754 3424 1004 3489 praeoccupare3
1039 3424 1121 3485 quae
1150 3405 1236 3469 inter
1257 3405 1365 3489 prisca
1398 3424 1469 3488 per-

245 3507 399 3571 hibentur
420 3506 546 3588 reliqua
569 3507 667 3592 paulo
690 3505 777 3571 infra
798 3506 1045 3570 recensebimus.
1323 3497 1328 3503 ’

328 3610 441 3691 Atque
466 3611 516 3674 his
541 3611 607 3675 iam
633 3610 787 3692 expositis
810 3609 898 3691 quod
920 3609 1089 3673 consilium
1110 3607 1160 3672 vel
1183 3629 1282 3691 quam
1302 3609 1463 3672 rationem

243 3712 405 3795 Apuleius
446 3713 480 3777 in
521 3713 656 3795 singulis
698 3712 790 3776 libris
835 3710 1064 3795 componendis
1103 3716 1232 3774 secutus
1276 3712 1318 3774 sit
1354 3712 1466 3794 paucis

243 3815 451 3881 illustremus.
485 3837 560 3880 nam
576 3817 602 3879 si
617 3816 733 3898 priscis
748 3815 913 3880 vocabulis
929 3814 1052 3897 scripta
1066 3835 1125 3878 sua
1139 3812 1291 3878 resarcire
1303 3815 1466 3895 voluisset,

242 3925 279 3982 ut
311 3920 361 3983 vel
395 3919 547 3983 subtilem
585 3918 766 3983 doctrinam
798 3919 849 3984 vel
883 3918 1079 4000 exquisitum
1114 3916 1279 4002 quoddam
1313 3917 1467 3982 iudicium

331 4125 352 4193 1)
372 4125 408 4177 11)
433 4140 494 4178 eam
520 4123 611 4191 ipsam
629 4141 689 4176 rern
711 4125 741 4176 in
760 4141 820 4192 cap.
839 4124 940 4177 eodem
962 4123 1047 4191 paulo
1070 4127 1137 4176 ante
1155 4123 1325 4177 vocabulum
1349 4127 1468 4191 usurpat

242 4227 376 4278 graecum
395 4215 479 4278 atque
497 4210 608 4279 pergit:
627 4228 690 4263 eum
709 4214 806 4264 nostra
825 4211 931 4280 lingua,
949 4213 981 4262 ut
1000 4227 1052 4279 ego
1075 4210 1255 4278 interpretor·
1271 4228 1311 4279 sq.

328 4297 351 4367 ²)
370 4297 463 4350 Plaut.
477 4297 561 4365 Epid.
574 4299 599 4362 5,
612 4299 636 4363 2,
646 4300 680 4349 30
692 4297 887 4362 arbitramino,
905 4295 1007 4350 Pseud.
1020 4298 1045 4365 2,
1064 4298 1089 4362 3,
1108 4299 1142 4351 70
1159 4297 1380 4367 progredimino,
1392 4297 1463 4349 Oato

241 4400 264 4436 r.
286 4401 307 4436 r.
330 4387 376 4437 141
397 4385 511 4450 famine,
531 4384 614 4452 Corp.
633 4385 761 4452 inscript.
779 4384 827 4436 lat.
846 4383 870 4449 1,
892 4386 940 4436 199
958 4401 986 4452 p.
1006 4385 1040 4436 72
1058 4384 1202 4438 l'ruimino.

329 4470 351 4539 ³)
371 4472 406 4526 cf.
428 4471 524 4525 Ottius
544 4471 561 4523 1.
576 4487 598 4523 c.
613 4489 640 4539 p.
652 4473 717 4538 7873
737 4488 771 4524 ex
789 4471 974 4538 inscriptione
987 4469 1103 4524 Africae
1122 4471 1243 4539 exempli
1263 4471 1356 4540 gratia
1374 4469 1466 4524 refero

239 4555 381 4626 Epaphra
400 4554 562 4629 (Ἐπαφρᾶς)
580 4559 683 4611 collato
701 4558 794 4612 indice
812 4557 979 4612 Hoffmanni
997 4575 1025 4626 p.
1044 4559 1085 4611 74.
