3382 5152
796 308 819 383 4

191 513 328 593 lectores
357 523 407 592 vel
434 524 598 592 auditores
631 525 765 592 insuetis
800 547 838 600 ac
866 525 956 590 miris
985 523 1116 589 vocibus
1144 519 1331 590 oblectaret.
1376 521 1410 590 in

192 631 277 694 hunc
308 633 437 696 modum
468 633 533 694 iam
564 631 726 712 prioribus
761 629 961 713 temporibus
987 630 1047 692 viri
1079 629 1164 692 docti
1200 629 1239 693 de
1268 629 1409 712 Apuleio

191 734 424 810 iudicaverunt,
447 736 530 798 siout
550 733 681 816 Lipsius
704 735 738 798 in
761 734 886 816 epistol.
911 739 1035 815 quaest.
1058 733 1149 798 liba
1174 755 1222 814 ep.
1240 737 1296 811 22;
1323 738 1409 806 812

191 837 263 900 aliis
279 836 358 900 locis
381 844 413 901 et
427 837 641 901 Ruhnkenius
664 839 696 900 in
712 837 849 919 praefat.
874 836 949 899 edit.
970 834 1266 918 Oudendorpianae
1289 858 1320 918 p.
1337 836 1404 910 ΙΙΙ,

191 940 277 1003 idem
310 941 433 1021 placuit
465 939 698 1002 recentioribus
734 939 843 1020 eisque
878 959 980 1020 paene
1015 938 1172 1002 omnibus.
1228 939 1408 1002 sententiae

192 1063 303 1105 eorum
319 1042 397 1104 satis
409 1047 484 1104 sunt
495 1040 690 1122 divulgatae.
708 1041 916 1105 nihilominus
932 1041 1102 1104 nonnullos
1114 1045 1212 1104 testes
1228 1040 1409 1119 citabimus,

192 1151 228 1208 ut
250 1144 420 1207 manifesto
444 1152 660 1226 compareant,
685 1164 768 1225 quae
790 1144 895 1206 minus
917 1143 1086 1224 probanda
1109 1142 1267 1207 videntur.
1307 1144 1409 1207 Bern-

192 1248 334 1329 hardyus
356 1248 442 1310 inter
464 1246 537 1325 alia,
567 1268 650 1328 quae
678 1247 716 1310 de
739 1246 900 1309 latinitate
924 1247 1046 1328 Apulei
1068 1252 1155 1310 recte
1184 1247 1411 1310 animadvertit

191 1351 272 1414 haec
294 1351 340 1413 ita
363 1349 490 1429 retulit,
520 1354 556 1411 nt
578 1348 729 1412 facillime
751 1370 923 1431 perperam
951 1349 1077 1430 possint
1100 1349 1218 1430 accipi:
1252 1351 1410 1414 veraltete

190 1457 288 1516 worte
305 1451 377 1515 sind
401 1452 593 1515 absiohtlioh
610 1453 815 1533 eingestreut,
839 1451 922 1515 auch
938 1450 1118 1532 anklaenge
1135 1451 1190 1514 des
1211 1452 1410 1517 archaismus

190 1557 240 1620 bis
273 1577 344 1618 zum
378 1555 500 1618 derben
533 1555 769 1637 pleonasmus.
795 1603 801 1616 .
827 1554 939 1639 .¹dooh
966 1553 1081 1616 dienen
1109 1554 1309 1618 archaismus
1343 1554 1409 1618 und

192 1659 387 1740 graecismus
414 1657 502 1721 bloss
533 1658 580 1721 als
603 1655 704 1720 feines
727 1677 870 1738 genuere
899 1656 976 1740 sq.¹)
1032 1655 1240 1720 Erdmannus
1267 1678 1341 1721 cum
1370 1658 1409 1721 de

191 1759 315 1843 Apulei
350 1781 411 1822 usu
441 1761 670 1824 vocabulorum
704 1760 859 1824 scriberet
868 1757 894 1843 ²)
928 1779 1035 1840 voces,
1072 1779 1155 1840 quae
1189 1759 1230 1823 ab
1265 1760 1408 1843 antiquis

191 1862 402 1946 scriptoribus
428 1863 587 1945 repetitae
616 1883 685 1925 esse
712 1862 742 1925 ei
768 1861 969 1942 viderentur,
1004 1862 1156 1944 colligere
1186 1868 1321 1926 conatus
1351 1870 1408 1945 est,

191 1986 386 2048 quamquam
401 1965 611 2047 paucissimas
627 1969 755 2028 tanturn
777 1985 895 2046 easque
910 1963 1025 2028 leviter
1040 1964 1209 2044 congessit.
1250 1964 1408 2029 Kretsch·

190 2089 327 2132 mannus
356 2067 376 2129 l.
406 2088 431 2131 c.
462 2089 494 2150 p.
525 2071 547 2130 4
577 2087 725 2130 assensus
757 2072 806 2130 est
827 2065 1039 2146 Ruhnkenio,
1071 2067 1128 2130 sed
1150 2072 1259 2130 tamen
1280 2069 1343 2148 ita,
1372 2073 1409 2131 ut

190 2193 254 2235 non
289 2169 402 2234 eadem
440 2170 644 2252 antiquitatis
671 2168 867 2233 verecundia
899 2167 1179 2252 admirationeque
1212 2176 1408 2234 commotum

190 2278 317 2338 vetusta
347 2273 446 2338 verba
480 2294 552 2337 eum
582 2293 749 2336 revocasse
783 2271 905 2334 diceret
939 2291 1003 2352 qua
1033 2271 1250 2353 Frontonem,
1285 2272 1342 2336 sed
1373 2277 1410 2336 ut

189 2377 357 2441 rhetorum
381 2395 468 2439 more
496 2373 655 2438 illecebris
682 2396 793 2439 eorum
822 2374 1002 2437 orationem
1026 2372 1081 2436 ille
1111 2372 1206 2438 docte
1237 2382 1408 2439 exornaret

190 2481 235 2564 (p.
262 2479 325 2562 14).
358 2477 475 2541 horum
497 2476 652 2540 iudicium
674 2483 803 2541 secutus
818 2475 1042 2561 Draegerusll
1058 2475 1236 2557 Apuleium
1258 2478 1304 2540 sic
1326 2479 1408 2541 vitu·

155 2648 157 2654 ,
189 2582 329 2665 peravit:
361 2602 413 2644 am
441 2579 663 2644 schlimmsten
694 2579 806 2662 erging
835 2600 868 2642 es
891 2579 1022 2642 hiermit
1050 2578 1122 2642 dem
1142 2578 1317 2662 Apuleius,
1352 2579 1409 2643 der

190 2684 252 2748 den
275 2682 537 2765 abgestumpften
552 2703 691 2766 gaumen
707 2681 765 2745 der
779 2680 920 2746 lesewelt
945 2687 1042 2745 unter
1064 2680 1127 2744 den
1141 2681 1332 2747 Antoninen
1350 2731 1356 2746 .
1374 2731 1381 2745 .
1399 2731 1406 2746 .

188 2791 284 2850 unter
306 2785 459 2851 auderem
487 2785 590 2849 durch
616 2785 827 2866 ausgesuchte
850 2783 1051 2848 archaismen
1078 2783 1146 2847 und
1168 2784 1330 2848 wahrhaft
1350 2806 1408 2847 un-

190 2889 411 2952 versohaemte
443 2889 643 2970 graecismen
675 2910 714 2951 zu
743 2887 864 2951 kitzeln
894 2886 1018 2950 suohte.
1063 2887 1181 2950 similia
1215 2891 1290 2950 sunt
1320 2888 1408 2970 apud

189 2991 429 3076 Koriolium4),
458 2993 578 3073 passim
609 2990 696 3073 apud
718 2989 811 3070 alios,
846 3010 926 3071 quos
949 2989 1010 3053 etsi
1033 2989 1161 3053 silentio
1190 2991 1407 3071 praeterimus

188 3092 480 3176 reprehensionem,
504 3114 607 3175 spero,
631 3115 696 3157 non
719 3093 893 3176 capiemus.

274 3193 337 3258 His
353 3195 530 3276 sententiis,
553 3215 634 3276 quas
650 3195 761 3278 procul
777 3194 874 3259 dubio
897 3214 962 3257 non
977 3193 1046 3258 sine
1067 3195 1195 3259 ratione
1211 3200 1321 3258 tenere
1344 3195 1405 3259 sibi

188 3298 247 3362 visi
270 3303 344 3361 sunt
365 3298 511 3362 homines
534 3297 631 3377 docti,
653 3313 756 3380 paene
778 3318 872 3361 nemo
895 3295 1063 3360 oblocutus
1087 3303 1144 3379 est,
1169 3299 1245 3380 quia
1264 3299 1298 3362 in
1313 3299 1405 3363 libris

187 3399 311 3483 Apulei
332 3421 406 3464 vere
428 3401 532 3464 multa
546 3398 705 3464 vocabula
726 3401 942 3479 inveniuntur,
966 3420 1050 3480 quae
1066 3401 1292 3464 vetustissimis
1307 3403 1406 3485 scrip·

187 3503 312 3568 toribus
342 3503 464 3567 usitata
495 3503 536 3566 ab
567 3502 754 3567 auctoribus
785 3503 925 3584 optimae
954 3503 1128 3567 latinitatis
1158 3504 1403 3587 respuebantur.

187 3605 243 3669 sed
264 3607 330 3669 iam
352 3606 491 3669 Ioannes
508 3604 619 3670 Ottius
638 3606 672 3669 in
695 3607 749 3686 eie,
775 3605 899 3688 quael.
924 3627 950 3670 o.
973 3605 1190 3670 eruditissime
1212 3607 1341 3689 scripsit
1364 3606 1404 3670 de

189 3708 304 3771 studiis
326 3709 541 3772 recentiorum
562 3708 729 3772 hominurn
751 3709 919 3772 doctorum
942 3705 1107 3770 collocatis
1129 3709 1162 3771 in
1185 3708 1406 3790 cognoscendo

186 3831 332 3875 sermone
347 3809 503 3875 librorum
515 3831 679 3874 sacrorum
690 3810 847 3893 imprimis
858 3809 1095 3874 vetustissimae
1106 3811 1262 3875 versionis
1274 3810 1406 3891 latinae,

186 3934 284 3995 quam
306 3913 427 3977 Italam
456 3913 561 3977 solent
586 3933 716 3993 vocare,
743 3913 944 3995 paucissimis
972 3914 1078 3978 verbis
1107 3914 1164 3978 sed
1190 3911 1406 3979 tamen'satis

275 4207 295 4274 1)
314 4203 461 4274 grundriss
480 4204 529 4256 der
547 4220 631 4256 roem.
650 4205 756 4256 literat.
776 4205 843 4256 1872
860 4222 887 4272 p.
906 4205 965 4269 332,
985 4203 1018 4256 of.
1038 4205 1122 4257 etiam
1141 4223 1169 4273 p.
1188 4207 1247 4258 328.

274 4291 296 4358 2)
315 4291 350 4343 de
369 4290 528 4342 elocutione
546 4289 579 4342 L.
598 4289 704 4357 Apulei
721 4289 924 4343 Madaurensis.
961 4290 1090 4343 Stendali
1110 4294 1184 4344 1864.

273 4376 295 4446 ³)
313 4376 378 4429 hist.
397 4379 497 4443 syntax
517 4375 567 4428 der
584 4377 634 4428 lat.
656 4375 781 4443 sprache.
817 4376 895 4444 Lips.
917 4379 984 4430 1874
1002 4394 1028 4444 p.
1048 4376 1145 4430 XVII.

271 4462 295 4531 ⁴)
315 4462 365 4514 der
383 4463 431 4514 stil
450 4462 498 4516 des
512 4461 544 4515 L.
557 4462 702 4530 Apuleius.
729 4461 774 4514 ein
786 4461 900 4530 beitrag
918 4480 966 4515 zur
978 4463 1126 4516 kenntniss
1140 4462 1188 4516 des
1209 4457 1405 4532 sogenannten

184 4548 393 4602 afrikanischen
410 4549 520 4602 lateins.
548 4547 673 4602 Vindob.
694 4550 768 4614 1872,
787 4566 815 4616 p.
833 4549 850 4600 2
870 4565 911 4616 sq.
