3382 5152
779 356 797 413 6

177 557 532 637 praestantissimorum
555 557 750 640 scriptorum
774 561 806 621 et
827 557 948 640 ingenii
963 555 1162 620 fecunditate
1179 561 1211 619 et
1226 556 1402 638 praecipuo

179 678 295 740 genere
330 658 457 723 dicendi
490 659 664 742 insignium
698 659 874 724 succedant
904 666 1065 742 tempora,
1103 658 1220 740 quibus
1256 657 1402 745 homines

179 782 261 841 quae
284 761 346 843 ipsi
370 764 497 844 assequi
520 783 584 825 uon
607 767 743 843 possunt
765 761 911 825 fastidire
934 762 1060 825 soleant
1084 766 1183 842 atque
1198 759 1241 823 ad
1257 760 1403 843 exempla

178 864 322 945 priorum
350 884 384 927 se
415 865 578 948 applicare
605 863 733 943 malint,
764 885 836 927 cum
864 869 896 927 et
925 863 1051 928 facilius
1080 862 1160 926 haec
1182 862 1349 926 imitentur
1371 870 1404 926 et

178 965 240 1046 ipsi
270 985 386 1028 novum
418 965 582 1048 quoddam
611 965 779 1030 literarum
810 987 909 1048 genus
941 965 1086 1048 proferre
1115 965 1296 1028 videantur.
1347 965 1403 1029 sed

180 1067 305 1131 Rornae
328 1073 458 1150 praeter
480 1090 681 1133 communem
697 1069 781 1133 hanc
796 1069 938 1133 omnium
954 1069 1073 1132 artium
1088 1073 1208 1132 sortem
1225 1068 1404 1149 complures

180 1169 263 1232 aliae
297 1191 412 1234 causae
445 1169 685 1236 efficacissimae
719 1178 813 1235 erant
846 1171 889 1234 ad
919 1176 1041 1235 statum
1071 1171 1239 1236 literarum
1270 1189 1404 1252 prorsus

180 1272 381 1336 mutandum.
419 1293 494 1336 nam
517 1279 717 1356 quantopere
737 1279 811 1356 post
831 1293 974 1337 eversam
991 1274 1038 1337 rei
1053 1272 1203 1355 publicae
1218 1271 1404 1336 libertatem

179 1375 249 1456 ipsa
275 1375 430 1438 orationis
453 1396 582 1458 quoque
605 1375 756 1441 libertate
779 1377 958 1458 intercepta
979 1375 1137 1439 librorum
1159 1375 1292 1458 scriptio
1315 1373 1402 1456 apud

179 1476 345 1540 Romanos
367 1477 525 1559 impedita
547 1479 597 1558 sit,
622 1478 893 1561 quemadmodum
907 1479 1077 1542 literarum
1091 1479 1241 1542 universa
1257 1477 1402 1541 condicio

179 1578 352 1642 immutata
383 1600 455 1643 cum
488 1581 595 1644 omnia
627 1586 839 1661 morarentur,
872 1581 1080 1645 decantatum
1111 1585 1160 1644 est
1190 1584 1289 1661 atque
1318 1579 1403 1643 inter

180 1701 289 1743 omnes
314 1682 393 1744 satis
417 1687 551 1746 constat.
587 1682 630 1745 ad
648 1683 710 1746 hoc
725 1683 990 1747 damnosissimae
1005 1683 1237 1765 imperatorum
1252 1681 1402 1746 libidines

179 1803 254 1845 mox
283 1803 322 1846 ne
352 1782 393 1846 ab
422 1785 525 1849 literis
556 1784 686 1866 quidem
717 1785 942 1867 scribendique
965 1786 1073 1850 studio
1101 1790 1254 1868 poterant
1282 1785 1401 1863 arceri3

181 1883 320 1966 denique
351 1885 512 1950 urbanum
545 1887 667 1951 cultum
697 1887 866 1952 literarum
897 1893 1005 1953 aetate
1038 1887 1200 1953 Caesarea
1230 1888 1328 1952 etiam
1361 1886 1402 1951 ab

180 1986 363 2051 hominibus
392 1990 644 2070 provincialibus
672 1990 875 2054 incommodo
903 1989 1054 2054 affectum
1082 2011 1149 2054 esse
1178 1991 1247 2054 iure
1270 1990 1399 2054 dixeris.

183 2110 222 2152 ac
243 2090 348 2171 primo
372 2091 500 2172 quidem
523 2112 553 2174 p.
572 2091 649 2157 cnr.
673 2114 703 2155 n.
728 2093 855 2156 saeculo
878 2094 1057 2175 priscorum
1079 2094 1273 2175 scriptorum
1295 2089 1403 2154 studia

180 2191 305 2256 Romae
321 2192 492 2256 cessabant
507 2199 539 2256 et
558 2195 590 2257 in
607 2196 766 2260 oblivione
782 2195 933 2260 iacebant
941 2197 977 2280 ¹),
1001 2217 1073 2260 cum
1088 2195 1219 2278 plurimi
1234 2194 1403 2276 antiquam

181 2294 360 2357 orationem
383 2303 636 2377 aspernarentur
651 2296 739 2380 quod
755 2303 839 2361 esset
852 2299 1017 2380 incompta
1032 2303 1065 2362 et
1079 2297 1223 2376 horrida,
1244 2295 1403 2378 imprimis

182 2395 306 2462 Seneca
335 2395 561 2480 philosophus,
594 2398 648 2482 qui
678 2401 718 2465 ob
749 2421 818 2464 eam
848 2401 952 2483 ipsam
980 2421 1049 2465 rem
1079 2399 1194 2479 Gellii,
1225 2397 1402 2462 Frontonis

182 2498 323 2563 asseclae
352 2500 513 2564 veteribus
536 2502 734 2567 admirandis
757 2503 892 2583 addicti,
919 2504 952 2567 in
974 2503 1136 2568 Noctibus
1158 2502 1280 2567 Atticis
1305 2504 1359 2582 12,
1384 2505 1402 2564 2

184 2622 292 2665 acrem
314 2603 457 2684 suscepit
478 2606 767 2685 reprehensionem.
814 2611 846 2670 et
867 2606 955 2688 quod
976 2607 1135 2670 neminem
1157 2604 1241 2688 fugit
1264 2603 1403 2669 Antoni·

183 2724 297 2768 norum
313 2710 458 2788 tempore
473 2708 688 2789 provinciales
704 2708 849 2772 homiues
865 2709 1070 2790 antiquitatis
1086 2708 1266 2773 studiorum
1278 2706 1404 2771 Romae

182 2807 376 2890 praecipuos
409 2807 509 2872 fuisse
543 2809 699 2891 cultores,
738 2813 825 2876 idem
857 2812 922 2875 iam
956 2817 1129 2894 argenteae
1162 2831 1261 2893 quam
1293 2809 1404 2874 dicunt

184 2909 356 2973 latinitatis
393 2918 538 2994 tempore
574 2931 634 2975 usu
672 2914 795 2977 venisse
831 2913 1120 2978 luculentissimum
1154 2913 1247 2977 docet
1279 2912 1404 2980 Valerii

184 3012 284 3075 Probi
307 3014 497 3096 exemplum.
535 3014 676 3078 secundo
692 3035 766 3079 vero
782 3038 813 3098 p.
831 3015 906 3080 (ihr.
924 3039 955 3080 n.
971 3016 1098 3088 saeculo
1114 3015 1404 3079 vetustissimorum

184 3115 377 3197 scriptorum
422 3116 526 3179 cultus
570 3118 879 3199 provincialiumque
922 3118 1088 3182 hominum
1130 3138 1246 3200 operae
1287 3118 1404 3182 mirum

184 3224 341 3298 quantum
370 3218 584 3302 proficiebant
609 3218 735 3284 Romae
763 3241 836 3283 cum
865 3221 1069 3303 imperatoris
1096 3220 1259 3285 Hadriani
1288 3219 1403 3284 studiis

184 3321 402 3385 excitarentur
438 3328 470 3385 et
505 3321 698 3386 foverentur.
754 3327 853 3404 atque
886 3323 981 3405 vulgo
1019 3323 1149 3407 quidem
1182 3323 1263 3387 haec
1295 3321 1404 3386 studia

183 3443 335 3505 perverso
351 3423 390 3488 de
406 3429 550 3488 veterum
566 3424 767 3507 praestantia
782 3425 900 3488 iudicio
915 3425 1112 3505 tribuuntur,
1129 3425 1185 3489 sed
1201 3446 1260 3508 ego
1275 3431 1405 3508 praeter
1499 3502 1504 3510 .

183 3524 282 3589 talem
304 3527 501 3608 opinionem,
528 3548 625 3609 quam
648 3527 839 3610 antiquariis
862 3527 927 3591 illis
950 3548 1015 3592 nou
1038 3527 1277 3609 denegaverim,
1306 3527 1403 3591 aliam

184 3627 346 3708 quandam
379 3649 510 3692 causam
542 3651 653 3694 eorum
680 3630 905 3696 consuetudini
934 3629 1095 3694 subfuisse
1124 3636 1213 3711 puto.
1264 3649 1405 3713 namque

184 3734 379 3793 vetustatem
409 3731 457 3794 illi
486 3754 549 3796 non
577 3733 727 3798 videntur
753 3734 926 3799 recoluisse
955 3738 1143 3816 propterea,
1175 3737 1212 3796 ut
1238 3732 1405 3796 literarum

185 3830 450 3913 depravationem
480 3843 682 3900 removerent
711 3837 760 3901 vel
789 3837 995 3901 retardarent
1026 3834 1078 3921 (cf.
1110 3834 1295 3899 Kretschm.
1324 3834 1346 3898 l.
1377 3854 1403 3896 c.

184 3955 215 4015 p.
240 3934 288 4017 3),
320 3935 377 3999 sed
407 3937 440 3999 in
464 3937 509 4000 eis
532 3938 680 4003 omnibus
703 3941 929 4004 necessitatem
950 3940 984 4003 in
1006 3939 1166 4003 rationem
1188 3957 1314 4001 versam
1337 3957 1405 4001 esse

185 4036 335 4118 dixerim,
365 4039 415 4102 vel
443 4044 479 4102 ut
500 4040 692 4124 Hieronymi
717 4040 823 4106 verbis
849 4057 935 4105 usus
955 4042 1057 4125 magis
1078 4041 1249 4125 perspicue
1271 4039 1406 4121 eloquar

184 4138 218 4202 id
235 4140 323 4220 quod
339 4142 456 4206 sentio:
474 4142 514 4206 de
535 4144 729 4208 necessitate
741 4144 892 4208 virtutem
909 4144 949 4208 ab
965 4145 1010 4208 eis
1026 4145 1147 4210 factam
1164 4164 1233 4210 esse
1249 4143 1404 4226 suspicor.

185 4261 250 4304 non
278 4243 365 4323 quod
392 4265 445 4309 eos
468 4267 578 4310 omnes
600 4247 703 4311 literis
725 4246 835 4310 latinis
857 4268 973 4329 parum
996 4249 1139 4312 eruditos
1162 4247 1261 4311 fuisse
1284 4251 1405 4328 putem,

186 4365 259 4408 cum
288 4346 356 4409 sine
382 4346 481 4413 dubio
510 4349 607 4413 etiam
629 4348 799 4414 meliorum
822 4349 1014 4432 scriptorum
1040 4349 1140 4415 libros
1169 4350 1404 4432 cognovissent,

274 4567 294 4636 ¹)
312 4567 427 4622 Patron.
446 4571 479 4622 88
497 4569 575 4624 Suet.
593 4587 709 4640 gramm.
727 4571 770 4623 24.
