3382 5152
900 329 919 390 5

297 533 409 610 aperte
443 527 636 611 significavit
645 529 672 613 1)
709 529 888 614 Apuleium
919 533 1015 597 simili
1047 532 1114 597 fere
1147 534 1273 597 ratione
1306 538 1403 614 atque
1436 533 1517 598 alios

297 631 486 713 scriptores,
521 633 577 713 qui
607 633 642 695 in
675 633 791 699 Africa
823 634 923 700 libros
957 634 1166 715 conficerent,
1200 641 1329 700 vetusta
1360 636 1517 700 vocabula

296 754 454 816 usurpare
484 740 522 799 ut
550 735 673 800 usitata
701 743 734 800 et
761 737 851 802 trita.
896 737 959 801 hoc
985 760 1085 802 unum
1111 738 1165 802 ille
1192 738 1401 821 vituperavit,
1430 739 1517 821 quod

295 834 457 918 Apuleius
490 837 700 902 immodicum
732 861 902 904 numerum
935 861 1046 904 eorum
1079 841 1112 904 in
1145 842 1352 923 scriptionem
1384 843 1516 924 recepit.

296 958 356 1020 ego
392 959 466 1002 vero
502 937 587 1004 Ottii
622 941 777 1005 iudicium
813 941 847 1005 in
880 943 1083 1006 aestimanda
1118 943 1297 1008 elocutione
1331 942 1517 1026 Apuleiana

296 1041 481 1105 universum
503 1063 568 1106 non
590 1044 774 1125 spreverim,
797 1045 1002 1127 aliquatenus
1024 1050 1133 1110 tamen
1154 1046 1399 1110 immutaverim.
1442 1067 1517 1110 nam

296 1143 374 1224 quin
402 1144 544 1226 plurima
569 1145 742 1226 vocabula,
771 1168 854 1229 quae
878 1146 1056 1230 Apuleium
1078 1169 1098 1212 a
1119 1149 1233 1231 priscis
1258 1149 1517 1232 transscripsisse

295 1251 413 1328 putant
434 1247 568 1329 propria
587 1247 708 1312 fuerint
723 1248 874 1314 dictionis
890 1250 1032 1332 vulgaris
1048 1251 1155 1316 nullus
1171 1250 1295 1333 dubito,
1319 1271 1517 1333 quamquam

295 1348 504 1430 antiquorum
519 1371 612 1416 usum
629 1369 701 1415 eum
716 1373 948 1435 nonnunquam
962 1354 1141 1435 respexisse
1157 1353 1226 1436 ipse
1241 1374 1307 1417 non
1321 1351 1515 1434 negaverim.

296 1450 352 1514 sed
381 1471 421 1514 ne
449 1452 483 1515 in
512 1453 711 1535 reliquorum
739 1456 934 1520 sententiam
961 1455 1012 1520 his
1038 1455 1141 1520 relabi
1168 1454 1280 1519 videar
1305 1455 1370 1518 iam
1391 1475 1516 1519 meeum

295 1574 409 1618 causas
436 1557 614 1637 examines,
643 1557 761 1640 quibus
791 1558 943 1622 commoti
969 1557 1100 1640 plurimi
1128 1557 1255 1622 delectu
1278 1563 1310 1621 et
1333 1557 1515 1622 discrimine

294 1677 410 1739 parum
437 1664 589 1723 accurato
616 1680 655 1723 ac
678 1659 811 1726 definito
834 1660 1066 1724 contenderent
1083 1660 1262 1742 Apuleium
1284 1659 1395 1724 dedita
1417 1682 1516 1742 opera

295 1764 394 1841 atque
414 1761 576 1825 cumulate
591 1764 763 1827 vetustatis
778 1763 917 1846 speciem
932 1763 973 1827 ab
990 1764 1131 1846 antiquis
1147 1762 1358 1845 scriptoribus
1373 1764 1515 1828 romanis

294 1866 479 1926 mutuatum
501 1883 579 1928 esse.

380 1965 522 2030 Maxime
550 1966 650 2048 igitur
679 1966 741 2030 hac
766 1988 802 2031 re
831 1967 906 2032 falsi
935 1988 1004 2032 esse
1031 1967 1182 2032 videntur
1210 1967 1341 2049 plurimi
1370 1966 1515 2031 homines

295 2066 393 2146 docti,
409 2068 465 2149 qui
480 2066 519 2132 de
535 2089 681 2134 sermone
695 2068 819 2152 Apulei
834 2069 989 2134 iudicium
1004 2070 1158 2149 fecerunt,
1175 2068 1263 2152 quod
1277 2069 1516 2151 praestantissi-

294 2191 421 2234 morum
446 2170 620 2235 latinitatis
643 2178 811 2236 auctorum
833 2172 1055 2238 urbanitatem
1077 2174 1321 2255 elegantemque
1343 2171 1515 2236 verborum

296 2273 456 2338 delectum
478 2274 573 2338 nimis
594 2275 803 2358 respicientes
824 2295 897 2339 eum
920 2280 1192 2358 comparaverunt
1206 2295 1279 2338 cum
1294 2274 1514 2355 scriptoribus,

295 2377 352 2458 qui
379 2383 488 2458 spreta
515 2379 661 2442 oratione
688 2383 857 2442 auctorum
881 2379 1023 2461 optimae
1045 2377 1218 2443 latinitatis
1239 2377 1363 2442 Romae
1385 2398 1459 2442 vere
1480 2378 1514 2440 in

296 2499 366 2544 eam
394 2478 579 2546 inciderunt
606 2481 885 2560 consuetudinem,
913 2501 995 2562 quae
1015 2481 1078 2562 ipsi
1100 2479 1241 2562 Apuleio
1264 2479 1412 2545 obicitur.
1458 2480 1515 2544 sed

294 2582 389 2647 valde
411 2603 471 2664 ego
494 2583 607 2647 dubito
630 2604 706 2647 num
725 2585 864 2648 elocutio
880 2583 1048 2666 scriptoris
1063 2583 1208 2664 alicuius
1231 2583 1335 2665 quiin
1350 2583 1515 2665 provincia

296 2685 445 2750 doctrina
465 2686 583 2768 puerili
604 2686 773 2750 institutus
794 2687 828 2750 in
850 2685 1017 2769 provincia
1038 2685 1139 2750 libros
1162 2685 1352 2768 composuit,
1376 2685 1514 2749 conferri

294 2789 398 2872 possit
424 2808 496 2852 oum
518 2787 633 2852 studiis
655 2787 836 2868 hominum,
865 2789 922 2871 qui
943 2788 1067 2853 Romae
1090 2788 1304 2869 scripserunt,
1331 2787 1459 2852 etiamsi
1480 2788 1514 2850 in

293 2889 344 2954 his
357 2911 422 2954 non
442 2890 586 2971 deerant,
600 2892 656 2973 qui
668 2912 708 2955 ex
718 2892 891 2974 provinciis
902 2892 937 2955 in
948 2897 1046 2975 caput
1055 2890 1182 2974 imperii
1191 2890 1513 2973 transmigraverant.

296 3013 437 3076 namque
459 2993 593 3074 Romae,
616 2993 673 3058 ubi
694 2992 808 3058 literae
829 2999 880 3058 tot
901 2993 1023 3077 gradus
1044 3000 1078 3058 et
1093 2994 1186 3075 quasi
1200 3013 1369 3074 processus
1383 3013 1513 3074 percur-

293 3101 405 3160 rerant
438 3095 481 3160 ad
514 3117 735 3178 summamque
765 3095 996 3180 perfectionem
1029 3097 1094 3161 iam
1126 3100 1354 3179 pervenerant,
1388 3095 1514 3177 priscae

295 3198 451 3263 orationis
462 3199 601 3262 imitatio
613 3204 742 3281 praeter
753 3199 884 3281 linguae
895 3203 1046 3263 naturam
1057 3183 1208 3263 revocata
1217 3205 1350 3280 arteque
1361 3201 1514 3280 corrupta

295 3308 375 3366 erat.
424 3322 501 3366 sane
532 3301 594 3366 hoo
625 3302 712 3385 apud
743 3322 852 3366 omnes
882 3307 994 3384 gentes
1024 3303 1145 3366 assolet
1173 3302 1312 3381 evenire,
1345 3306 1382 3364 ut
1410 3299 1514 3364 aetati

292 3475 496 3487 ——-—-———

382 3591 403 3659 ¹)
421 3608 447 3660 p.
467 3590 529 3644 762:
550 3607 598 3643 um
616 3590 670 3643 den
688 3591 868 3660 gelesensten
886 3590 937 3644 der
954 3591 1187 3658 letztgenannten
1205 3589 1416 3654 schriftsteller,
1436 3590 1513 3656 Apu-

292 3678 378 3743 leius,
401 3676 620 3745 beispielsweise
648 3677 906 3745 herouszugreilen,
935 3694 966 3729 so
990 3676 1079 3728 findet
1102 3675 1230 3745 Draeger
1248 3674 1386 3729 wahrhaft
1411 3691 1512 3727 unver-

294 3763 437 3816 schaemte
455 3763 631 3831 graecismen
654 3763 684 3814 in
709 3763 884 3829 demselben,
910 3761 954 3815 die
972 3762 1023 3816 wie
1050 3762 1127 3816 scine
1150 3761 1325 3815 archaismen
1349 3760 1451 3813 darauf
1464 3760 1512 3812 be-

292 3849 408 3903 reehnet
433 3849 494 3902 sein
519 3850 622 3915 sollen,
651 3849 706 3902 den
730 3849 963 3917 abgestumplten
980 3865 1102 3916 gaumen
1130 3848 1180 3899 der
1202 3848 1325 3900 lesewelt
1351 3850 1435 3899 unter
1457 3845 1512 3898 den

292 3936 462 3989 Antoninon
481 3953 515 3987 zu
532 3936 647 3988 kitzeln.
677 3935 744 3989 weit
763 3935 889 3987 entiernt
906 3935 970 3988 dem
988 3934 1128 4002 Apuleius
1150 3933 1180 3985 in
1198 3933 1301 3986 beiden
1319 3931 1511 4000 beziehungen

293 4021 356 4084 eine
384 4021 501 4090 gewisse
524 4021 736 4089 masslosigkeit
761 4021 935 4089 absprechen
955 4039 990 4074 zu
1007 4020 1119 4085 wellen,
1144 4018 1244 4088 glaube
1266 4019 1312 4072 ich
1335 4018 1418 4083 doch,
1447 4018 1510 4070 dass

293 4108 344 4161 der
361 4111 499 4178 geruegte
518 4109 607 4162 fehler
625 4107 692 4161 weit
711 4107 777 4160 eher
793 4109 833 4160 im
851 4108 946 4178 gebiet
965 4107 1014 4160 der
1031 4111 1135 4174 tropen
1152 4104 1210 4157 und
1228 4103 1337 4173 figuren
1355 4122 1388 4156 zu
1408 4103 1511 4156 suchen

292 4194 338 4246 ist.
374 4193 638 4247 fachschriitsteller
662 4193 714 4246 wie
738 4194 788 4246 der
812 4197 872 4246 arat
896 4195 1005 4247 Caelius
1029 4191 1197 4244 Aurelianus
1223 4190 1281 4242 und
1305 4190 1355 4242 der
1379 4190 1511 4259 theologe

294 4281 493 4344 Tertullianus,
507 4281 598 4335 denen
610 4299 639 4335 es
652 4281 724 4334 doch
734 4281 809 4334 wohl
820 4297 867 4332 um
879 4278 1051 4333 rhetorische
1063 4277 1289 4331 effectbasehcrei
1303 4277 1379 4329 nicht
1391 4293 1424 4327 uu
1440 4276 1511 4328 thun

291 4367 338 4432 ist,
357 4366 455 4436 zeigen
479 4367 509 4419 in
527 4366 629 4421 beiden
647 4366 783 4420 stuecken
807 4366 852 4419 die
875 4383 946 4436 ganz
964 4365 1093 4435 gleichen
1116 4362 1347 4432 erscheinungen.
1383 4362 1441 4414 und
1458 4362 1510 4414 wie

292 4453 333 4506 ol't
362 4452 519 4522 gemahnen
543 4452 587 4506 die
611 4453 689 4506 alten
716 4452 956 4522 nebersetzungen
981 4453 1031 4506 der
1055 4451 1131 4504 bibel
1158 4449 1216 4501 und
1239 4449 1287 4501 des
1311 4447 1444 4502 Irenaeus
1475 4465 1510 4500 an
1555 4477 1559 4486 -

290 4537 408 4592 Plautus
425 4539 484 4593 und
501 4539 547 4592 die
564 4538 725 4592 archaische
743 4537 875 4592 liberatur
893 4538 1078 4608 ueberhaupt.
