3382 5152
791 337 831 396 23

200 536 316 600 horum
338 536 550 602 artificiorum
574 558 673 620 genus
697 536 824 602 dicendi
846 543 992 602 veterum
1008 537 1203 601 comicorum
1225 558 1293 601 esse
1309 536 1420 600 voluit.

199 646 298 724 atque
326 641 444 726 reliqui
473 641 604 726 quidem
630 643 804 725 scriptores
827 641 904 706 Afri
926 641 1120 705 calamistris
1142 639 1205 703 illis
1227 638 1421 721 Apuleianis

199 744 381 808 orationem
404 766 468 808 non
490 744 672 824 inurebant,
696 750 870 828 propterea
892 744 1051 823 videlicet,
1076 744 1163 828 quod
1184 763 1317 825 prorsus
1339 743 1420 806 alias

198 857 251 910 res
275 846 464 912 tractabant
486 852 519 910 et
540 868 560 910 a
582 845 700 910 fabulis
722 847 859 912 Milesiis
882 853 915 912 et
930 868 949 910 a
965 846 1253 911 declamationibus
1267 847 1300 910 in
1316 851 1421 909 osten-

197 951 356 1015 tationem
388 951 586 1034 compositis,
621 951 733 1044 quales
769 956 844 1015 sunt
873 948 1061 1014 floridorum
1089 950 1260 1034 reliquiae,
1293 949 1421 1031 longius

198 1059 349 1119 remotas.
396 1054 453 1120 sed
478 1075 518 1118 ne
542 1053 630 1136 apud
653 1052 711 1118 hos
734 1055 865 1138 quidem
888 1052 1020 1133 desunt,
1051 1073 1135 1137 quae
1157 1075 1221 1117 non
1243 1059 1312 1116 tam
1334 1074 1422 1116 mero

198 1177 277 1220 casu
313 1158 498 1240 provenisse
536 1178 634 1242 quam
667 1157 709 1221 ab
743 1157 944 1222 institutione
978 1157 1144 1220 rhetorum
1177 1155 1422 1239 provincialium

197 1260 328 1324 fluxisse
357 1260 569 1346 videantur.1)
613 1260 648 1323 in
676 1259 842 1324 vocabulis
865 1281 941 1324 vero
965 1258 1128 1340 elegendis
1150 1258 1291 1341 Apuleio
1315 1259 1422 1323 obser-

197 1362 324 1428 vandae
353 1369 446 1427 erant
475 1384 568 1427 voces
598 1363 710 1442 tritae,
742 1385 815 1426 cum
845 1362 1028 1427 hominibus
1056 1363 1195 1426 cuiusvis
1225 1362 1422 1426 condicionis

196 1465 342 1530 fabulam
369 1466 566 1552 scriberet.2)
610 1473 703 1530 erant
731 1487 809 1531 sane
838 1467 895 1551 qui
923 1464 1168 1549 opinarenturss)
1197 1465 1299 1529 solum
1321 1466 1423 1529 risum

195 1569 374 1652 legentium
397 1569 575 1650 captavisse
597 1570 773 1651 Apuleium
796 1569 927 1634 vocibus
951 1569 1093 1646 exoletis,
1118 1569 1174 1632 sed
1197 1569 1268 1653 quis
1290 1567 1422 1632 tandem

195 1671 352 1737 ridendus
382 1675 465 1751 erat,
494 1671 654 1754 Apuleius
685 1673 741 1756 qui
770 1673 851 1736 adeo
882 1671 1051 1752 deliraret,
1083 1673 1174 1735 utin
1198 1670 1316 1735 fabulis
1339 1672 1421 1735 tales

194 1775 337 1858 ineptias
370 1780 590 1857 proponerent
619 1775 793 1840 lectoribus
824 1781 891 1839 tam
921 1775 1030 1839 variae
1063 1775 1174 1856 sortis,
1210 1797 1252 1838 an
1284 1774 1421 1838 fortasse

196 1879 259 1962 ipsi
281 1878 418 1942 lectores
442 1899 474 1942 se
499 1877 648 1942 derisisse
671 1880 809 1961 putandi
831 1884 921 1958 sunt,
945 1877 1032 1962 quod
1056 1877 1148 1941 avide
1170 1878 1315 1959 legerent
1338 1898 1421 1962 quae

195 2004 260 2045 non
282 1980 531 2062 intellegerent?
576 2003 771 2068 quamquam
798 2005 862 2046 non
884 1982 998 2064 ignoro
1022 1979 1149 2045 exstare
1173 1979 1367 2063 Quintiliani
1390 1986 1420 2060 8,

196 2090 230 2165 2,
258 2089 297 2148 18
319 2085 539 2148 testimonium
561 2084 659 2149 luisse
682 2084 806 2149 Romae
827 2085 973 2149 homines
995 2083 1138 2148 moribus
1161 2089 1228 2147 tam
1252 2085 1419 2165 perversis

195 2194 232 2252 ut
258 2187 430 2252 abstrusae
457 2187 700 2252 dialecticorum
729 2189 909 2252 sententiae
938 2188 1160 2270 obscuraeque
1188 2187 1420 2269 explicationes

195 2291 359 2356 oratoriae
390 2311 426 2354 eo
456 2292 560 2373 magis
590 2292 636 2356 eis
665 2291 847 2374 placerent,
878 2312 941 2376 quo
970 2291 1075 2354 minus
1103 2311 1158 2354 eas
1184 2290 1420 2372 intellegerent.

195 2394 251 2458 sed
283 2395 322 2458 de
352 2393 569 2477 municipibus
598 2433 642 2441 —
671 2414 810 2479 namque
841 2395 882 2458 ab
912 2393 962 2458 his
990 2394 1069 2476 ipsis
1099 2393 1292 2476 legebantur
1319 2399 1421 2457 meta·

196 2497 413 2579 morphoseon
442 2497 519 2561 libri
547 2535 586 2544 -
615 2499 711 2563 aliter
738 2496 948 2562 iudicandum
976 2501 1026 2560 est
1053 2501 1151 2581 atque
1174 2496 1214 2560 de
1236 2496 1420 2562 hominibus

194 2599 373 2664 fastidiosis
403 2600 656 2686 hebetibusque,
697 2603 753 2686 qui
783 2602 817 2664 in
851 2601 956 2682 capite
988 2601 1115 2682 imperii
1146 2601 1272 2663 romani
1303 2599 1420 2664 falsam

195 2701 385 2767 affectantes
416 2703 597 2769 doctrinam
627 2725 666 2768 ea
694 2710 732 2767 ut
761 2705 889 2787 potiora
919 2703 1141 2783 sectabantur,
1175 2724 1257 2788 quae
1285 2709 1420 2786 propter

195 2806 427 2873 obscuritatem
461 2807 625 2893 quandam
657 2807 813 2871 maiorem
845 2807 1012 2872 doctrinae
1044 2828 1123 2889 prae
1152 2828 1186 2870 se
1218 2806 1302 2870 ferre
1333 2807 1419 2870 vide·

193 2908 315 2973 bantur
341 2911 490 2992 speciem.
535 2931 608 2974 cum
638 2910 688 2973 his
717 2931 792 2974 vero
820 2911 945 2994 Apulei
972 2909 1157 2974 fabularum
1184 2910 1331 2974 narratio
1352 2931 1418 2974 non

196 3018 244 3076 est
277 3014 507 3096 comparanda.
554 3014 710 3097 captabat
738 3013 793 3077 ille
815 3014 916 3077 risum
939 3014 1085 3077 oratione
1107 3013 1218 3077 festire
1241 3014 1419 3096 composita

193 3116 336 3198 iocisque
366 3114 497 3181 fabulae
527 3117 611 3181 belle
640 3116 784 3195 insertis,
817 3117 947 3180 minime
977 3135 1051 3180 vero
1084 3117 1201 3180 eximia
1223 3117 1321 3198 prisci
1353 3137 1417 3180 ser·

195 3220 301 3284 monis
331 3219 479 3284 doctrina
503 3240 681 3301 vocumque
704 3241 819 3303 prosus
849 3220 1049 3284 exoletarum
1070 3218 1291 3284 venditatione
1320 3226 1418 3301 atque

286 3460 307 3528 ¹)
326 3460 455 3528 exempla
478 3458 620 3510 sufficient
645 3457 712 3510 duo:
740 3457 816 3511 'sert
841 3459 876 3512 de
900 3460 964 3528 pall.
984 3461 1000 3512 5
1020 3478 1085 3529 ego,
1108 3461 1210 3528 inquit,
1231 3501 1236 3512 .
1255 3501 1261 3512 .
1282 3501 1287 3512 .
1307 3461 1417 3514 canales

194 3564 254 3600 non
275 3546 364 3600 odoro
385 3544 522 3598 cancellos
541 3561 598 3596 non
617 3544 712 3609 adoro,
731 3545 864 3598 subsellia
882 3562 939 3598 non
957 3546 1109 3612 contundo,
1127 3547 1190 3599 iura
1202 3563 1259 3598 non
1271 3547 1418 3600 conturbo.

196 3633 281 3702 prr.
310 3633 344 3686 de
376 3633 445 3699 laps.
473 3634 501 3684 6:
529 3631 559 3682 in
582 3629 694 3684 feminis
717 3630 808 3684 forma
838 3632 944 3697 fucata,
972 3633 1127 3686 adulterati
1147 3674 1153 3685 .
1173 3673 1178 3685 .
1198 3673 1204 3686 .
1223 3632 1297 3686 oculi
1322 3633 1418 3700 capilli

194 3720 341 3775 colorati.
363 3759 368 3772 .
391 3735 472 3771 .non
505 3718 597 3770 iurare
624 3721 736 3770 tantum
763 3722 870 3770 temere
897 3718 945 3771 sed
972 3719 1063 3772 adhuc
1089 3720 1216 3788 pejerare
1242 3719 1417 3788 praepositos

194 3807 315 3875 superbo
334 3810 444 3858 tumore
463 3808 651 3857 contemnere.

282 3892 304 3961 ⁹)
323 3908 394 3959 quae
419 3889 629 3944 Goldbacherus
652 3891 682 3943 in
706 3890 814 3958 ephem.
837 3907 963 3959 gymnas.
986 3894 1070 3945 austr.
1091 3893 1203 3960 resep.
1223 3893 1274 3945 608
1299 3891 1369 3944 dicit
1388 3892 1417 3943 in

193 3978 461 4046 metamorphoseon
484 3977 565 4030 libris
587 3994 639 4044 pro
658 3977 737 4029 miris
756 3993 827 4044 quae
846 3980 1000 4029 narrantur
1018 3979 1100 4030 rebus
1120 3980 1210 4047 ipsam
1229 3978 1417 4031 elocutionem

193 4067 339 4119 insolitam
357 4063 530 4132 magicisque
546 4063 630 4116 rebus
643 4063 860 4116 convenientem
873 4065 997 4131 speciem
1010 4064 1137 4118 induisse
1151 4069 1213 4118 tum
1225 4065 1285 4117 aliis
1299 4065 1416 4129 artibus,

194 4169 266 4220 quae
289 4151 429 4220 Apuleius
460 4149 636 4214 adhibuerit,
667 4153 728 4201 tum
758 4149 950 4202 obsoletorum
973 4151 1174 4204 vocabulorum
1199 4169 1263 4215 usu,
1291 4167 1327 4202 ne
1357 4150 1417 4218 ipse

193 4239 350 4308 amplectar
378 4254 423 4290 me
451 4236 573 4305 impedit
601 4236 754 4290 eorundem
781 4235 896 4288 illorum
923 4237 1123 4290 vocabulorum
1150 4255 1221 4291 usus·
1245 4236 1318 4304 apud
1347 4237 1416 4289 alios

195 4324 349 4394 scriptores
369 4323 470 4387 Afros,
495 4323 543 4390 qui
562 4322 632 4374 nihil
650 4322 716 4374 miri
736 4321 906 4375 fabulantur.
943 4323 972 4375 in
991 4325 1076 4376 meris
1095 4325 1184 4393 igitur
1203 4323 1347 4377 vocabulis
1365 4340 1417 4376 nec

193 4411 295 4481 magici
323 4411 477 4478 quidquam
506 4416 549 4462 est
575 4426 628 4461 nec
654 4426 719 4462 sane
742 4409 885 4475 mirabile,
911 4427 1078 4477 quamquam
1103 4411 1294 4478 frequentiore
1319 4427 1416 4462 eorum

193 4515 312 4551 numero
331 4497 488 4553 orationem
506 4496 610 4562 Apulei
629 4496 689 4548 iure
709 4495 812 4548 dixeris
832 4496 950 4549 evadere
969 4496 1193 4550 insolentiorem.

284 4583 305 4651 ³)
326 4583 454 4637 Cavallin
471 4583 489 4635 l.
510 4599 533 4635 c.
551 4599 577 4650 p.
597 4583 638 4635 29.
