3382 5152
317 492 514 560 afferebatur
537 517 686 578 novaque
716 497 764 563 ita
786 499 936 582 provenit
965 501 1088 584 species
1112 499 1268 564 orationis
1291 502 1415 584 priscae
1444 509 1481 567 ut
1509 495 1541 566 in

318 598 431 663 multis
454 599 577 679 similis,
602 601 648 664 sic
669 602 703 664 in
724 602 872 684 plurimis
898 602 1071 668 dissimilis.
1114 605 1232 668 iniuste
1254 627 1329 668 uero
1352 605 1541 686 faceremus,

317 702 344 765 si
374 722 456 783 qnae
491 702 578 784 apud
607 703 766 784 quosdam
800 705 868 769 eius
896 707 1022 788 generis
1057 707 1231 788 scriptores
1266 729 1339 770 curn
1367 709 1542 772 vetustiore

288 819 290 826 “
315 803 429 884 lingua
451 810 626 868 occurrunt
648 809 848 888 eommunia,
880 829 919 872 ea
941 829 1157 891 praepropere
1187 831 1225 872 ac
1248 811 1315 873 sine
1340 810 1481 889 delectu,
1507 816 1542 873 ut

317 906 412 988 vulgo
436 905 482 985 fit,
506 927 609 989 prope
631 909 739 971 omnia
762 911 1031 976 contenderemus
1060 933 1099 976 ex
1122 911 1303 976 obliteratis
1324 912 1416 976 libris
1440 913 1543 975 multa

317 1029 416 1091 opera
451 1009 633 1090 conquisita
671 1032 738 1075 esse
772 1013 899 1076 nonnisi
932 1012 993 1076 hoc
1031 1014 1182 1093 consilia,
1217 1019 1255 1077 ut
1289 1016 1462 1097 scriptores
1494 1015 1542 1078 illi

317 1111 518 1176 audientium
534 1111 585 1174 vel
608 1111 708 1176 libros
732 1113 910 1196 legentium
933 1116 1057 1180 animos
1080 1117 1215 1180 insuetis
1239 1138 1276 1180 ac
1298 1117 1387 1181 miris
1412 1117 1542 1180 vocibus

316 1213 483 1276 allicerent
506 1214 784 1297 oblectarentque.
1630 1301 1632 1305 Ι

405 1313 500 1398 Quod
531 1315 617 1380 idem
641 1316 783 1400 Apuleio
812 1318 932 1383 accidit
961 1341 1158 1402 quamquam
1184 1321 1459 1402 ingeniosissimus
1487 1321 1541 1383 ille

320 1419 466 1482 omnium
489 1420 683 1502 scriptorum
705 1420 871 1500 Afrorum,
896 1427 982 1486 certe
1004 1422 1224 1506 profanorum,
1248 1443 1287 1485 ex
1310 1443 1373 1504 quo
1397 1429 1541 1486 veterum

317 1519 488 1584 literarum
519 1521 628 1586 studia
654 1524 780 1587 renasci
810 1530 986 1607 coeperunt
1016 1545 1118 1607 usque
1149 1525 1191 1588 ad
1220 1525 1281 1588 hoc
1308 1530 1434 1608 tempus
1462 1527 1541 1589 satis

317 1623 496 1687 multorum
511 1623 677 1688 hominum
690 1625 860 1689 doctorum
875 1623 907 1689 in
924 1647 958 1690 se
974 1627 1132 1691 convertit
1146 1629 1271 1693 animos
1286 1633 1383 1710 atque
1400 1649 1540 1710 operam.

319 1747 418 1806 quam
442 1726 568 1790 diversa
590 1727 710 1791 iudicia
733 1729 783 1792 vel
805 1739 915 1792 nostra
944 1734 1050 1793 aetate
1073 1730 1112 1793 de
1136 1751 1173 1792 eo
1196 1731 1332 1794 tulerint
1355 1731 1415 1793 viri
1444 1729 1539 1808 docti,

318 1829 374 1909 qui
406 1829 521 1894 studiis
543 1829 738 1912 Apuleianis
766 1851 798 1893 se
823 1830 997 1912 dederunt,
1028 1853 1067 1895 ex
1088 1832 1139 1896 his
1171 1833 1296 1896 duobus
1325 1832 1542 1914 perspiciatur

319 1929 481 2013 exemplis.
521 1931 684 1995 Henricus
710 1933 840 2014 quidem
865 1933 1111 1998 Kretschmann
1134 1940 1264 1998 tantum
1286 1935 1406 1998 afuisse
1429 1934 1507 1997 dicit
1516 1935 1541 2018 1)

318 2038 354 2096 ut
370 2032 531 2116 Apuleius
553 2034 586 2096 in
609 2033 779 2098 scribendo
802 2035 864 2099 sibi
878 2042 1086 2119 temperaret,
1109 2036 1143 2100 id
1165 2037 1252 2118 quod
1269 2034 1412 2100 Gellium
1428 2035 1542 2099 fecisse

319 2134 471 2216 affirmat,
495 2141 532 2199 ut
546 2137 655 2218 potius
677 2137 829 2200 immissis
844 2136 946 2202 libere
962 2137 1097 2202 habenis
1113 2159 1172 2220 per
1192 2159 1318 2201 omnem
1336 2139 1542 2202 licentiarum

318 2259 466 2320 campum
496 2238 661 2302 exsultans
685 2245 860 2322 vagaretur
883 2240 1077 2324 linguaeque
1105 2240 1227 2303 latinae
1256 2241 1347 2305 nobis
1375 2241 1543 2304 exhiberet

319 2342 459 2423 speciem
489 2342 606 2404 mirum
640 2347 797 2423 quantum
831 2342 872 2407 ab
907 2343 1049 2406 omnium
1077 2343 1223 2424 priorum
1257 2345 1449 2426 scriptorum
1481 2365 1543 2407 usu

316 2441 483 2526 formaque
507 2443 735 2507 abalienatam.
780 2445 812 2507 in
837 2444 968 2508 modum
991 2443 1127 2508 similem
1155 2444 1286 2527 plurimi
1309 2445 1365 2510 alii
1388 2447 1426 2510 de
1450 2447 1542 2529 Apu-

316 2545 378 2610 leio
403 2552 572 2611 senserunt
602 2553 635 2612 et
656 2547 803 2630 profecto
834 2549 949 2612 merito
976 2569 1015 2611 ac
1040 2549 1119 2611 iure.
1165 2552 1200 2610 at
1222 2555 1336 2612 contra
1360 2547 1436 2612 Chr.
1463 2549 1542 2612 Lut-

317 2647 480 2730 johannus
503 2672 636 2732 prorsus
660 2651 754 2714 aliter
769 2650 809 2714 de
832 2651 1014 2714 elocutione
1038 2652 1105 2714 eius
1128 2649 1282 2713 iudicavit
1305 2652 1351 2714 sic
1373 2672 1542 2734 argumen-

316 2756 404 2815 tatus
417 2751 459 2837 2):
491 2752 584 2842 deun¹
600 2774 634 2816 er
657 2753 786 2837 (Apul.)
808 2752 868 2816 hat
890 2752 937 2816 als
959 2751 1100 2816 fremdcr
1122 2752 1173 2815 die
1195 2752 1384 2818 lateinische
1408 2754 1542 2836 sprache

316 2854 442 2934 gelernt
475 2856 543 2919 und
576 2856 645 2920 sich
679 2855 795 2919 darum
827 2857 887 2919 mit
920 2854 1130 2918 bewusstsein
1163 2854 1255 2918 mehr
1288 2876 1331 2918 an
1359 2855 1542 2920 bestimmte

317 2963 443 3038 gesetze
469 2958 641 3040 gebunden
669 2958 717 3022 als
745 2958 803 3022 der
825 2959 980 3037 Roemer,
1010 2957 1068 3021 der
1091 2958 1178 3020 scine
1201 2960 1458 3040 muttersprache
1483 2961 1543 3024 mit

316 3077 500 3141 groesserer
516 3061 646 3125 freiheit
667 3061 734 3125 und
750 3061 951 3144 leichtigkeit
967 3060 1149 3124 handhabt.
1189 3081 1223 3124 so
1246 3061 1289 3124 ist
1312 3083 1347 3124 er
1366 3059 1542 3144 allerdings

317 3161 366 3226 bis
400 3186 457 3226 zur
490 3164 627 3228 vollsten
660 3163 902 3246 beherrschung
939 3163 995 3227 des
1028 3163 1239 3226 lateinischen
1277 3164 1393 3227 idioms
1430 3186 1540 3247 vorge-

315 3265 476 3348 drungen,
519 3266 598 3330 aber
635 3268 688 3332 die
730 3266 1013 3349 metamorphosen
1046 3271 1161 3346 tragen
1194 3266 1278 3330 doeh
1307 3267 1369 3330 den
1407 3268 1542 3350 stempel

317 3367 375 3432 der
405 3369 660 3449 muehsamsten,
691 3369 906 3452 peinlichsten
934 3368 1080 3450 sorgfalt.
1126 3369 1227 3431 satius
1257 3369 1338 3433 duco
1365 3371 1542 3434 sententias

317 3470 376 3534 has
399 3472 484 3535 inter
507 3493 540 3535 se
562 3471 822 3536 manifestissime
846 3477 1064 3554 repugnantes
1094 3491 1355 3550 commemorare,
1379 3473 1542 3553 iudicium,

317 3573 404 3655 quod
426 3573 655 3656 Liitjohannus
678 3575 755 3638 tulit
777 3576 898 3657 paucis,
922 3580 1012 3657 puto,
1036 3573 1203 3638 arridebit.
1244 3574 1300 3638 sed
1324 3573 1363 3638 de
1386 3574 1457 3637 hac
1471 3575 1542 3656 ipsa

317 3677 467 3758 opinione
500 3676 585 3740 infra
618 3677 748 3741 uberius
783 3698 993 3760 exponemus,
1028 3699 1113 3740 nnnc
1143 3677 1240 3740 missa
1273 3677 1471 3740 dissensione
1504 3675 1543 3738 de

316 3779 464 3842 universo
480 3800 598 3861 genere
621 3779 814 3844 elocutionis
829 3780 1034 3862 Apuleianae
1057 3780 1098 3843 ad
1116 3801 1225 3843 eorum
1243 3801 1301 3843 nos
1318 3784 1542 3843 convertamus

316 3882 526 3964 sententiam,
556 3883 612 3964 qui
635 3883 824 3965 scriptorem
854 3905 893 3945 ex
916 3883 1096 3947 obliteratis
1119 3883 1236 3946 veteris
1264 3881 1395 3964 linguae
1422 3881 1542 3944 latinae

316 3984 533 4048 monumentis
556 3985 658 4048 multa
693 4006 787 4049 casca
809 3986 968 4050 voeabula
997 3985 1235 4068 deprompsisse
1267 3985 1478 4064 contendunt,
1506 3990 1543 4047 ut

405 4173 426 4238 ¹)
446 4172 481 4224 de
498 4172 644 4224 latinitate
663 4171 694 4224 L.
714 4171 821 4240 Apulei
840 4171 1046 4225 Madaurensis.
1082 4170 1248 4240 Regimonti
1267 4173 1333 4224 1865
1352 4189 1379 4239 p.
1396 4173 1422 4223 4.

404 4256 427 4325 ²)
446 4258 481 4310 ei.
501 4262 566 4310 eota
585 4275 640 4312 soc.
659 4256 758 4325 philol.
778 4257 856 4325 Lips.
877 4257 1067 4310 aRitschelio
1087 4257 1130 4310 ed.
1146 4259 1201 4311 vol.
1221 4257 1269 4310 ΠΙ
1287 4259 1380 4326 (1873)
1398 4274 1425 4324 p.
1444 4258 1496 4308 493
1514 4261 1543 4308 et

316 4343 383 4395 ibid.
411 4361 438 4410 p.
457 4335 525 4397 tes:
556 4343 664 4408 daraus,
684 4344 746 4396 dass
765 4345 904 4411 Apuleius
925 4343 974 4396 das
1002 4344 1166 4396 lateinische
1185 4344 1331 4395 muehsam
1351 4343 1481 4406 erlernte,
1499 4360 1543 4394 er-

318 4429 408 4482 kleert
427 4429 487 4482 sich
505 4430 577 4483 auch
592 4429 637 4482 die
656 4429 840 4497 abweichung
853 4447 908 4484 von
927 4431 978 4483 der
989 4430 1218 4499 gewoehnlichen
1235 4429 1397 4496 bedeutnng
1410 4430 1544 4482 mancher

321 4521 443 4570 woerter
463 4534 501 4584 sq.

1350 4619 1385 4670 l*
