3382 5152
845 297 883 366 17

763 391 966 402 μ-ῄ-...ῃ-

253 530 369 576 munus
392 514 502 574 utrum
525 505 800 576 administraverit
816 516 990 592 antequam
1007 507 1110 574 Oeam
1133 505 1282 590 venisset,
1305 511 1342 574 ut
1357 501 1473 574 Hilde-

253 614 390 680 brandio
413 614 433 676 l.
459 635 485 676 c.
508 636 539 696 p.
562 614 678 679 XXII
699 615 832 698 placuit,
856 637 898 678 an
921 614 980 678 sub
1002 613 1109 695 ipsum
1132 620 1271 696 tempus,
1295 634 1359 695 quo
1383 615 1476 678 uxori

254 717 419 782 ducendae
443 737 575 798 operam
598 716 701 780 dabat
726 739 768 782 an
789 718 985 800 paulopost,
1009 737 1073 780 non
1095 715 1233 779 multum
1255 715 1366 781 refert.
1412 718 1478 780 iam

254 841 330 884 vero
349 821 375 883 si
388 820 530 905 quinque
545 826 576 883 et
592 821 706 902 viginti
718 821 785 885 fere
801 841 901 884 annos
913 825 1010 884 natus
1022 839 1155 882 uxorem
1167 818 1259 883 duxit
1271 820 1475 901 triennioque

255 929 330 985 ante
347 919 450 984 Oeam
465 923 563 1001 venit,
587 924 662 986 etsi
678 924 793 1004 viginti
809 943 968 986 annorum
983 921 1221 985 adulescentem
1236 921 1387 986 Athenas
1404 943 1478 986 eum

255 1024 423 1104 reliquisse
446 1025 628 1103 statuimus,
655 1025 719 1088 duo
742 1031 868 1088 restant
892 1025 978 1102 anni,
1002 1023 1090 1106 quod
1104 1030 1230 1106 tempus
1246 1024 1480 1107 peregrinatio-

256 1126 351 1190 nibus
378 1127 506 1189 trivisse
529 1127 693 1209 putandus
715 1134 773 1190 est.
819 1127 937 1209 quibus
960 1128 986 1189 si
1009 1147 1129 1190 annum
1150 1127 1199 1191 vel
1216 1126 1481 1209 aliquantoplus

257 1237 484 1310 consumptum
506 1249 574 1292 esse
598 1229 677 1292 velis
699 1251 758 1312 pro
775 1231 831 1309 eis,
848 1250 932 1311 quae
954 1235 1023 1292 tum
1046 1235 1139 1293 erant
1154 1227 1378 1311 proficiscendi
1395 1226 1480 1290 diffi-

223 1370 225 1374 -
259 1331 435 1395 cultatibus
459 1338 490 1394 et
512 1351 585 1394 cum
603 1337 740 1394 naturae
756 1332 944 1414 speculator
958 1332 1012 1395 ille
1029 1338 1062 1395 et
1076 1339 1213 1396 venator
1228 1330 1376 1396 omnibus
1399 1351 1482 1412 quae

257 1433 341 1496 mira
364 1439 458 1496 erant
485 1432 605 1496 diutius
629 1433 765 1515 singulis
786 1433 865 1496 locis
889 1432 1108 1515 detineretur,
1137 1433 1248 1498 decem
1268 1434 1335 1498 fere
1357 1439 1484 1497 restant

258 1557 393 1615 menses,
417 1535 534 1617 quibus
550 1536 677 1600 Romae
696 1557 768 1598 eum
785 1540 947 1600 versatum
964 1556 1032 1598 esse
1047 1535 1213 1600 faciamus.
1258 1536 1305 1599 ibi
1320 1556 1395 1600 vero
1418 1557 1483 1599 non

258 1637 389 1701 videtur
419 1637 556 1702 multum
579 1659 697 1721 operae
721 1639 970 1720 consumpsisse,
998 1644 1035 1702 ut
1057 1659 1236 1702 sermonem
1263 1638 1401 1703 latinum
1429 1645 1487 1701 aut

259 1738 401 1803 disceret
425 1747 483 1804 aut
505 1741 685 1805 orationem
712 1762 804 1805 suam
825 1741 997 1822 diligenter
1019 1740 1222 1821 emendaret,
1245 1741 1302 1805 sed
1325 1762 1390 1822 qua
1413 1748 1484 1804 erat

262 1841 439 1924 cupiditate
461 1863 514 1906 res
528 1842 681 1906 mirificas
698 1843 913 1926 cognoscendi
934 1845 968 1907 in
990 1843 1052 1906 hac
1072 1864 1201 1925 quoque
1217 1843 1297 1908 urbe
1319 1843 1353 1907 id
1373 1842 1486 1907 sedulo

261 1944 480 2024 annitebatur,
511 1949 547 2008 ut
570 1947 669 2010 sacris
693 1947 804 2025 variis,
835 1946 992 2028 imprimis
1015 1944 1293 2028 Aegyptiacorum
1316 1947 1484 2010 numinum

262 2045 315 2130 (cf.
332 2053 407 2110 met.
427 2051 476 2126 11,
494 2049 528 2131 6)
546 2048 740 2127 initiaretur,
764 2069 961 2132 quamquam
987 2047 1097 2112 furore
1109 2048 1164 2111 illo
1180 2047 1323 2112 fanatico
1338 2050 1485 2131 pecunia,

263 2169 360 2230 quam
383 2169 423 2212 ex
446 2151 708 2232 peregrinatione
722 2152 883 2233 reliquam
899 2149 1051 2230 habebat,
1073 2172 1132 2234 per
1148 2151 1282 2216 callidos
1303 2152 1488 2216 sacerdotes

264 2257 313 2315 est
333 2251 516 2334 absumpta.
563 2260 762 2337 quapropter
790 2253 938 2324 omnibus
972 2253 1085 2334 opibus
1121 2252 1294 2318 destitutus
1323 2276 1381 2336 per
1408 2276 1487 2338 pau-

263 2355 371 2418 culum
396 2360 523 2438 tempus
548 2357 653 2420 causis
677 2358 811 2440 agendis
834 2363 1004 2438 quaestum
1037 2355 1188 2420 faciebat.
1232 2356 1295 2420 hac
1323 2364 1432 2420 tamen
1454 2378 1490 2420 re

261 2457 342 2520 nihil
369 2457 507 2521 efficitur
533 2459 596 2522 nisi
624 2465 661 2522 ut
683 2459 854 2522 manifesto
876 2464 1035 2541 appareat
1058 2479 1239 2522 sermonem
1261 2459 1400 2523 latinum
1423 2460 1487 2522 iam
1518 2469 1520 2473 ‘

261 2558 386 2641 pridem
409 2561 440 2624 ei
461 2559 560 2626 fuisse
584 2563 749 2624 usitatum.

238 2730 239 2734 ,
350 2659 433 2726 Oum
456 2683 531 2726 vero
556 2663 669 2728 eodem
696 2670 841 2746 tempore
871 2683 935 2744 quo
959 2661 1119 2745 Apuleius
1142 2662 1268 2728 Romae
1299 2664 1490 2728 versabatur

264 2761 444 2828 Frontonis
476 2772 564 2830 secta
592 2767 642 2830 vel
670 2766 809 2830 maxime
836 2763 987 2828 videatur
1014 2763 1177 2843 floruisse,
1205 2764 1300 2829 facile
1329 2767 1491 2849 quispiam

265 2867 446 2948 suspicetur
468 2869 647 2950 Apuleium
669 2867 893 2931 familiaritate
922 2867 1143 2949 antiquarium
1165 2867 1295 2932 illorum
1318 2891 1411 2932 usum
1433 2890 1492 2952 per

266 2968 325 3032 hos
347 2970 435 3052 ipsos
462 2972 495 3034 in
521 2972 656 3035 eandem
685 2991 783 3052 quam
812 2969 860 3032 illi
888 2969 1107 3050 sequebantur
1134 2971 1293 3034 rationem
1321 2972 1492 3035 vetustatis

267 3071 480 3136 ostentandae
509 3093 578 3137 esse
611 3073 796 3137 adductum.
846 3071 1022 3136 sedetiam
1052 3073 1137 3136 hanc
1164 3073 1347 3156 opinionem
1375 3095 1492 3138 vanem

268 3172 415 3236 dixerim.
469 3174 630 3258 Apuleius
661 3177 746 3240 enim
778 3196 841 3238 non
870 3173 967 3238 modo
999 3182 1117 3239 natura
1153 3183 1250 3258 atque
1287 3176 1395 3241 indole
1425 3183 1493 3240 tarn

268 3275 414 3339 diversus
438 3284 508 3343 erat
529 3279 571 3342 ab
593 3279 722 3360 ingenio
746 3277 938 3358 Frontonis,
967 3283 1004 3342 ut
1025 3298 1145 3360 paucos
1167 3278 1240 3341 illos
1263 3298 1405 3358 menses,
1435 3300 1494 3362 per

268 3398 349 3459 quos
378 3379 502 3444 Romae
531 3380 737 3461 versabatur,
766 3380 838 3444 aliis
867 3381 965 3445 rebus
992 3380 1177 3462 impendere
1204 3380 1331 3463 mallet,
1367 3380 1425 3444 sed
1453 3402 1493 3445 ne

266 3485 396 3562 poterat
419 3483 549 3564 quidem
565 3486 672 3546 sectae
688 3482 736 3546 illi
752 3503 785 3546 se
802 3483 962 3547 addicere.
1007 3504 1083 3547 nam
1098 3483 1238 3565 proximi
1253 3482 1494 3565 familiaresque

267 3583 454 3663 Frontonis,
476 3585 532 3666 qui
554 3586 687 3649 nonita
709 3587 804 3668 longa
827 3591 924 3650 antea
948 3585 1061 3650 consul
1081 3585 1195 3648 fuisset
1209 3585 1372 3668 variisque
1395 3585 1517 3658 110111,

266 3683 357 3748 ribus
380 3693 566 3766 ornaretur,
598 3689 654 3770 qui
682 3689 895 3771 imperatores
920 3687 1142 3752 adolescentes
1170 3689 1361 3768 instrueret,
1385 3709 1495 3752 omnes

268 3786 317 3850 vel
339 3786 470 3852 fortuna
492 3790 542 3854 vel
557 3811 674 3871 genere
689 3789 814 3854 nobiles
829 3796 923 3855 erant
949 3789 1005 3876 (cf.
1023 3787 1108 3854 Gell.
1127 3794 1175 3869 19,
1202 3791 1255 3875 10)
1275 3789 1495 3872 grandemque

270 3890 338 3953 sine
360 3889 458 3971 dubio
480 3894 651 3975 pecuniam
671 3893 725 3956 ille
748 3914 768 3956 a
790 3893 956 3975 discipulis
981 3892 1141 3974 exigebat,
1172 3912 1245 3955 cum
1268 3892 1495 3956 divitissimum

272 4013 344 4055 eum
366 3992 489 4058 factum
512 4017 579 4059 csse
596 3996 646 4059 vel
660 3995 735 4060 inde
751 4001 917 4079 appareat,
942 3994 1030 4076 quod
1043 3996 1156 4059 villam
1172 3995 1373 4060 Maecenatis
1390 4014 1495 4058 emere

270 4099 411 4176 poterat.
458 4104 557 4180 atque
580 4100 678 4162 etiam
693 4099 810 4180 reliqui
828 4097 1041 4180 provinciales
1060 4098 1299 4179 Frontonisque
1319 4096 1496 4160 familiares

270 4197 489 4263 nobilissimos
510 4206 639 4264 tantum
660 4200 933 4282 divitissimosque
959 4199 1135 4282 discipulos
1157 4201 1307 4265 habuisse
1335 4198 1496 4279 videntur,

273 4320 346 4363 cum
376 4302 495 4382 quibus
515 4303 607 4367 Baiis
638 4302 739 4387 (Gell.
772 4308 820 4382 18,
852 4307 881 4383 5,
915 4304 947 4388 1)
978 4302 1028 4366 vel
1051 4302 1191 4385 Neapoli
1219 4301 1313 4389 (ibid.
1344 4305 1372 4381 9,
1401 4304 1430 4380 5,
1464 4300 1496 4385 1)

275 4403 325 4466 vel
356 4404 390 4468 in
423 4404 496 4470 aliis
525 4405 711 4488 regionibus
743 4406 886 4469 amoenis
917 4411 1045 4487 tempus
1081 4407 1240 4469 aestivum
1274 4408 1416 4469 tererent
1448 4403 1499 4468 vel

270 4504 395 4571 Romae
419 4508 627 4590 epularentur
643 4507 744 4594 (Geli.
763 4512 812 4589 19,
837 4513 865 4588 9,
891 4507 935 4592 2).
982 4507 1125 4590 Apuleio
1142 4528 1228 4589 vero,
1253 4508 1310 4590 qui
1323 4507 1498 4570 imminuta

1324 4625 1341 4677 2
