3382 5152
197 541 327 606 latinus.
372 561 476 622 neque
499 559 557 621 per
587 559 640 603 eos
662 537 823 618 homines,
853 539 908 620 qui
931 537 1094 602 Caesarea
1117 544 1224 602 aetate
1255 560 1294 602 ex
1317 529 1417 604 ltalia

196 647 230 709 in
262 643 409 708 Africam
439 644 569 708 deducti
596 648 671 706 sunt
697 641 864 726 1111111111)
892 662 996 706 sermo
1019 641 1073 705 ille
1101 642 1134 704 in
1163 648 1284 706 terram
1312 649 1417 708 trans-

197 748 356 810 marinam
387 745 599 828 iampridem
625 743 804 808 translatus
832 744 922 808 brevi
944 745 1051 826 potuit
1073 744 1190 826 excoli,
1221 767 1294 808 cum
1317 747 1417 810 etiam

198 851 314 913 horum
337 848 523 912 colonorum
538 847 692 928 loquendi
711 868 779 910 mos
795 846 932 909 trivialis
956 854 1042 911 esset
1056 868 1273 934 magnamque
1289 854 1418 930 partem

197 953 390 1015 rusticanus.
435 952 468 1014 in
496 949 612 1013 Africa
642 950 741 1031 igitur
771 950 856 1013 sicut
884 950 918 1012 in
947 950 1080 1031 reliquis
1112 951 1285 1040 provinciis
1313 971 1417 1014 sermo

142 1051 146 1058 ’
196 1055 317 1118 1111111
339 1054 489 1136 proprios
506 1053 620 1116 habuit
635 1051 755 1135 gradus
778 1058 810 1115 et
826 1053 918 1133 quasi
940 1074 1118 1135 processus.
1157 1053 1311 1135 quamdiu
1335 1055 1419 1117 enim

197 1157 444 1239 impedimenta,
475 1156 591 1237 quibus
615 1155 761 1237 angustis
783 1154 900 1218 finibus
930 1156 1140 1220 coercebatur
1162 1157 1419 1238 propagatioque

198 1261 265 1323 eius
289 1258 519 1322 retardabatur
540 1258 735 1321 removenda
758 1263 851 1320 erant
866 1257 916 1320 vel
938 1258 1130 1339 superanda,
1155 1257 1296 1322 incultus
1320 1264 1418 1342 atque

197 1363 366 1425 inchoatus
405 1361 642 1443 quodammodo
678 1359 893 1423 detinebatur.
949 1359 1139 1424 florentibus
1176 1366 1282 1424 autem
1321 1363 1418 1426 rebus

197 1465 383 1528 colonorum
416 1485 487 1526 curu
518 1471 652 1545 propter
684 1464 907 1526 commercium
938 1463 1023 1525 inter
1050 1462 1183 1526 Italiam
1212 1469 1244 1527 et
1268 1462 1413 1528 Africam

197 1567 492 1648 frequentissimum
520 1565 619 1629 latius
650 1572 777 1647 pateret
806 1573 904 1649 atque
930 1587 995 1630 111
1023 1566 1125 1630 solum
1151 1567 1184 1628 in
1207 1566 1418 1648 quotidianae

199 1671 284 1733 vitae
312 1690 372 1732 usu
401 1668 612 1732 adhiberetur
638 1690 748 1732 verum
776 1669 873 1731 etiam
904 1669 936 1731 in
964 1668 1081 1745 literis,
1117 1670 1241 1732 omissis
1272 1671 1417 1751 angustis

196 1771 314 1835 finibus
349 1773 532 1835 severitatis
564 1772 664 1850 illius,
698 1791 795 1851 quam
828 1776 919 1834 aetas
948 1772 1143 1853 praecedens
1178 1772 1415 1851 observaverat,

196 1875 284 1937 novis
316 1875 422 1956 coepit
450 1873 617 1936 abundare
647 1872 773 1949 formis,
806 1894 888 1955 quae
919 1875 1020 1937 mirae
1052 1882 1188 1956 possunt
1216 1874 1330 1950 rideri,
1361 1874 1418 1938 sed

195 1984 303 2040 tamen
331 1997 463 2058 prorsus
486 1975 683 2058 respondent
711 1983 849 2038 naturae
876 1984 974 2057 atque
1002 1976 1104 2040 indoli
1130 1975 1259 2057 linguae
1287 1977 1417 2058 latinae,

196 2081 286 2142 cuius
318 2078 498 2142 fecunditas
527 2078 707 2141 luculenter
738 2078 938 2160 expromitur
967 2099 1046 2160 prae
1076 2080 1191 2142 ceteris
1223 2079 1256 2142 in
1287 2080 1416 2162 scriptis

195 2179 362 2244 Afrorum.
408 2181 465 2244 sed
488 2202 559 2244 cum
585 2202 690 2244 sermo
717 2181 838 2244 latinus
867 2181 900 2243 in
923 2181 1096 2263 provinciis
1129 2201 1193 2244 non
1215 2188 1326 2263 posset
1348 2187 1416 2246 tam

194 2283 342 2347 celeriter
371 2285 507 2366 expoliri
529 2305 627 2364 quarn
649 2284 774 2347 Romae
805 2304 941 2364 cumque
963 2289 1108 2365 tempore
1130 2282 1243 2346 eodem
1250 2332 1258 2363 ,
1288 2306 1351 2366 quo
1375 2285 1417 2348 ad

196 2387 384 2468 scriptiones
418 2385 614 2467 evulgandas
648 2387 681 2449 in
715 2385 888 2469 provinciis
921 2384 976 2449 ille
1009 2391 1142 2467 coeptus
1176 2389 1225 2448 111
1257 2386 1416 2468 adhiberi,

195 2488 362 2552 literarum
377 2489 590 2572 praestantia,
606 2510 689 2570 quae
706 2488 835 2571 vigebat
852 2493 958 2551 aetate
971 2485 1194 2568 Ciceroniana,
1210 2489 1275 2552 iam
1290 2489 1415 2571 pridem
1487 2493 1489 2498 '

196 2590 416 2671 defloruisset,
454 2591 584 2654 minime
618 2597 667 2655 est
699 2592 832 2671 mirum,
871 2591 957 2672 quod
991 2592 1187 2673 optimorum
1222 2593 1416 2675 scriptorum

195 2715 404 2757 romanorum
435 2693 662 2757 auctoritatem
685 2715 801 2776 parum
823 2693 1043 2775 sequebantur
1066 2693 1095 2756 ei
1117 2693 1278 2776 homines,
1305 2696 1417 2777 quiin

194 2797 369 2879 provinciis
392 2797 434 2860 ad
458 2795 620 2860 scribendi
641 2796 783 2860 studium
807 2817 842 2859 11
864 2795 1113 2882 conferebantfl)
1151 2797 1263 2879 itaque
1286 2805 1417 2880 praeter

196 2919 354 2962 novarum
388 2897 564 2963 formarum
597 2898 832 2962 abundantiam
865 2899 969 2962 multa
1003 2899 1091 2981 apud
1122 2920 1175 2963 eos
1208 2901 1416 2964 inveniuntur

194 3001 368 3081 vocabula,
399 3022 483 3084 quae
506 3001 735 3065 vetustioribus
764 3000 895 3083 quidem
922 3001 1135 3083 scriptoribus
1162 3003 1285 3067 usitata
1313 3011 1415 3085 erant,

195 3125 215 3166 a
250 3103 366 3185 quibus
400 3109 509 3167 tamen
541 3103 746 3186 elegantioris
777 3104 1026 3185 serveriorisquc
1060 3104 1234 3169 latinitatis
1267 3111 1416 3170 auctores
1483 3175 1486 3182 ,

194 3205 424 3270 abhorrebant.
459 3205 516 3268 illa
538 3227 613 3269 vcro
636 3207 669 3269 111
692 3206 864 3289 provinciis
886 3227 951 3269 non
965 3205 1061 3269 modo
1084 3207 1117 3269 in
1133 3207 1314 3272 cotidianae
1329 3210 1416 3272 ritae

194 3329 254 3371 usu
271 3346 314 3354 -
329 3310 459 3371 namin
481 3305 712 3373 consuetudine
735 3308 861 3391 vulgari
882 3309 1022 3390 plurima
1046 3310 1114 3373 sine
1137 3309 1235 3374 dubio
1260 3311 1358 3375 etiarn
1381 3313 1415 3375 in

193 3411 292 3474 Italia
316 3417 408 3475 erant
424 3412 504 3475 trita
520 3450 559 3457 —
577 3412 633 3475 sed
656 3413 754 3476 etiam
776 3412 809 3473 iu
824 3410 926 3475 literis
945 3411 1189 3493 usurpabantur
1205 3414 1284 3477 satis
1300 3415 1413 3477 multa.

194 3513 304 3594 itaque
319 3533 421 3596 paene
444 3514 551 3578 nullus
568 3515 708 3596 scriptor
723 3513 930 3596 provincialis
950 3535 1056 3597 neque
1071 3514 1154 3578 Afer
1176 3537 1280 3598 neque
1298 3514 1414 3581 Gallus

193 3636 297 3697 neque
326 3617 409 3680 alius
440 3618 610 3698 quisquam
640 3637 772 3698 prorsus
798 3616 844 3680 eis
871 3617 1045 3697 abstinuit,
1081 3623 1113 3681 11
1143 3639 1182 3681 ex
1210 3639 1274 3700 quo
1304 3619 1352 3682 illi
1381 3620 1413 3682 in

191 3717 294 3781 1111111
321 3719 431 3782 latinis
459 3720 580 3801 primas
613 3720 704 3801 quasi
731 3723 840 3801 partes
870 3739 966 3800 agere
995 3724 1181 3802 coeperunt,
1215 3721 1249 3784 in
1279 3720 1414 3784 eandem

193 3821 456 3885 consuetudinem
480 3822 577 3885 etiam
593 3822 674 3884 alios
692 3821 845 3904 abreptos
867 3841 935 3886 1111
950 3822 1107 3886 novimus.
1141 3822 1291 3888 universa
1314 3823 1413 3906 igitur

192 3924 354 3988 scribendi
383 3925 467 3988 ratio
495 3923 662 3987 hominum
690 3923 952 4006 provincialium,
980 3923 1137 4006 imprimis
1168 3924 1340 4007 Afrorum,
1375 3946 1412 3989 eo

192 4027 371 4107 ferebatur,
400 4032 436 4090 ut
456 4025 570 4090 relicta
591 4026 658 4090 stili
681 4026 855 4090 severitate
885 4031 1055 4090 anctorum
1077 4027 1219 4108 optimae
1238 4027 1412 4092 latinitatis

192 4131 366 4212 scriptores
397 4128 446 4192 illi
479 4127 624 4193 infinitae
650 4128 856 4212 indulgerent
882 4129 1040 4194 vocabula
1068 4128 1209 4193 novandi
1241 4129 1411 4209 licentiae;

191 4232 334 4315 vulgaris
364 4237 534 4314 praeterea
570 4231 726 4295 sermonis
761 4232 960 4295 consuetudo
996 4231 1039 4296 ad
1075 4231 1281 4296 scribendum
1317 4253 1412 4315 saepe

191 4392 313 4399 ——--
333 4391 394 4398 -.-.

280 4472 301 4540 ¹)
321 4471 355 4524 cf.
373 4470 547 4538 Marquardt,
568 4469 737 4524 Rocmische
756 4471 1028 4540 staatsverwaltung,
1047 4469 1062 4523 Ι
1079 4489 1106 4538 p.
1125 4471 1183 4523 315.

279 4557 301 4627 ⁹)
320 4559 355 4610 cl'.
374 4557 470 4610 Ottius
490 4557 519 4609 in
537 4574 601 4610 nov,
620 4557 712 4610 annal.
730 4556 828 4624 philol.
847 4557 903 4609 vol.
925 4557 973 4609 109
992 4557 1084 4624 (1874)
1102 4575 1129 4625 p.
1148 4558 1207 4609 768.
